3609 5967
510 738 574 801 404
802 735 840 799 Ρ.
864 732 1026 799 OVIDII
1050 733 1260 799 NASONIS

514 908 622 983 Hanc
640 932 711 1005 ego
729 933 814 994 non,
833 919 874 981 ut
891 933 952 982 me
969 907 1169 983 defendere
1186 918 1319 994 tentet,
1338 908 1473 998 adoro;
1504 914 1553 983 55

564 1024 651 1099 Non
669 1034 727 1098 est
743 1023 904 1098 confessi
921 1047 1037 1097 causa
1052 1023 1193 1097 tuenda
1209 1023 1276 1098 rei.

515 1141 616 1216 Num
634 1150 760 1214 tamen
777 1163 937 1214 excuses
955 1138 1088 1213 erroris
1107 1137 1268 1235 imagine
1285 1137 1439 1226 lactum,

562 1257 624 1330 An
640 1256 731 1330 nihil
748 1256 928 1355 expediat
943 1256 1019 1330 tale
1036 1279 1197 1342 movere,
1216 1254 1314 1330 vide.

514 1373 687 1448 Vulneris
700 1372 739 1445 id
754 1396 873 1468 genus
886 1382 958 1459 est,
971 1370 1073 1468 quod
1084 1395 1202 1468 quum
1219 1369 1387 1444 sanabile
1399 1394 1472 1443 non
1486 1370 1549 1456 sit,

565 1489 651 1563 Non
668 1488 891 1563 contrectari
909 1488 1026 1561 tutius
1044 1511 1129 1561 esse
1146 1498 1288 1585 putem.
1501 1490 1551 1558 60

514 1608 670 1703 Lingua,
689 1604 778 1692 sile;
800 1615 948 1679 nonest
965 1606 1063 1678 ultra
1080 1604 1262 1677 narrabile
1280 1603 1509 1700 quidquam:

563 1722 682 1796 Posse
699 1720 810 1794 velim
828 1711 974 1793 cineres
992 1720 1149 1793 obruere
1167 1719 1248 1816 ipse
1266 1742 1382 1792 meos,

514 1837 578 1911 Sic
596 1837 720 1934 igitur,
740 1836 848 1932 quasi
866 1860 928 1909 me
945 1836 1070 1909 nullus
1088 1835 1282 1934 deceperit
1299 1858 1411 1921 error,

561 1950 688 2025 Verba
700 1949 794 2036 face,
814 1961 856 2023 ut
873 1950 961 2036 vita,
981 1973 1095 2048 quam
1113 1951 1219 2026 dedit
1236 1950 1329 2050 ipse,
1348 1950 1459 2024 fruar.

512 2068 715 2165 Quumque
725 2090 879 2140 serenus
892 2067 976 2154 erit,
984 2068 1185 2164 vultusque
1195 2066 1378 2141 remiserit
1388 2066 1484 2151 illos,
1500 2070 1547 2139 65

561 2182 636 2267 Qui
653 2206 783 2257 secum
799 2194 918 2257 terras
936 2183 1209 2281 imperiumque
1227 2192 1397 2269 movent3

512 2298 701 2396 Exiguam
717 2323 765 2372 ne
782 2323 842 2373 me
859 2300 1026 2397 praedam
1043 2299 1142 2373 sinat
1158 2321 1242 2372 esse
1261 2298 1455 2383 Getarum,

562 2414 715 2512 Detque
732 2415 853 2489 solum
871 2417 1016 2489 miserae
1034 2415 1139 2502 mite,
1159 2437 1323 2513 precare,
1341 2411 1453 2508 fugae.

510 2530 676 2628 Tempus
687 2531 796 2604 adest
806 2541 935 2630 aptum
946 2532 1141 2629 precibus:
1157 2531 1259 2605 valet
1269 2529 1547 2628 ipse,videtque

559 2644 665 2731 Quas
682 2644 772 2720 fecit
787 2647 896 2734 vires
918 2646 1052 2735 Roma,
1071 2647 1193 2721 valere
1211 2657 1308 2720 tuas.
1499 2649 1548 2718 70

511 2761 715 2835 Incolumis
733 2763 871 2858 conjux
889 2786 959 2836 sua
976 2761 1183 2860 pulvinaria
1199 2773 1340 2835 servat:

559 2874 761 2950 Promovet
778 2874 987 2950 Ausonium
1004 2876 1103 2950 filius
1121 2876 1327 2976 imperium.

540 3166 581 3214 66.
593 3164 646 3213 Non
660 3174 692 3212 est
706 3165 823 3231 masam]
841 3166 945 3216 Causam
961 3168 1002 3218 ud-
1053 3178 1098 3226 est,
1119 3169 1199 3218 uultus
1220 3169 1272 3217 illos
1298 3183 1392 3216 severos
1410 3176 1435 3217 et
1454 3181 1545 3231 graves.

508 3239 595 3304 signat,
603 3255 645 3288 cur
656 3255 702 3288 uon
718 3247 793 3290 tentet
803 3257 828 3290 se
839 3257 855 3290 a
865 3241 1004 3293 Messalliuo
1053 3259 1152 3308 quorum
1168 3251 1237 3300 nutu,
1247 3242 1306 3298 sive,
1316 3241 1402 3290 iutuitu
1415 3249 1489 3290 totum
1502 3242 1547 3291 iru-

507 3312 613 3369 delendi,
630 3325 657 3361 ut
675 3329 704 3362 ex
722 3328 751 3362 eo
768 3315 850 3379 probet
866 3331 892 3364 se
908 3332 956 3365 non
973 3318 1003 3366 ob
1053 3318 1143 3382 perium
1154 3325 1321 3372 commovetur,
1331 3314 1463 3380 deposuerit
1474 3323 1546 3379 atque

506 3387 1003 3454 eamcausumveuerarihomiuislinguam.
1052 3390 1197 3439 exhilareris.
1223 3391 1320 3439 Macri.

509 3458 585 3507 06666
599 3460 633 3506 rui
648 3459 750 3523 consesti.
766 3460 846 3511 Causa
858 3477 920 3520 mes,
931 3480 1002 3529 quam
1085 3467 1127 3514 67.
1141 3465 1275 3531 Burgum]
1292 3466 1369 3521 5⁰³⁹,
1382 3468 1495 3531 αἰψ’,
1505 3480 1547 3531 P&

507 3531 627 3582 eculeum
636 3548 688 3581 sum
697 3548 749 3582 esse
759 3533 885 3585 infirmam.
1053 3537 1238 3604 adpositiouem3
1255 3554 1294 3588 me
1309 3538 1429 3603 exiguum,
1441 3547 1466 3589 et
1474 3538 1545 3588 vilem

540 3607 582 3656 69.
596 3606 736 3655 Vulnertss'd
744 3623 818 3672 genus
827 3609 880 3673 est]
900 3610 1003 3660 Causam
1053 3628 1083 3661 ue
1094 3612 1336 3678 velitessepmdstu.
1363 3614 1451 3661 Boas.

507 3679 625 3744 adsignat,
643 3696 685 3729 cur
705 3681 766 3730 iuter
786 3682 947 3732 excusandum
967 3699 1002 3733 er·
1085 3685 1547 3751 71.1munt]Nunmlesum.e

508 3752 566 3801 roris
584 3752 728 3803 mentionem
749 3755 798 3804 fieri
816 3772 863 3805 nou
880 3755 938 3805 utile
953 3772 1003 3806 esse
1052 3761 1139 3809 Baras.
1155 3760 1224 3810 Liria
1238 3770 1316 3810 murat
1333 3760 1463 3809 thalamum
1477 3777 1547 3810 suum

507 3825 597 3874 innuat.
619 3826 733 3890 Adpellat
751 3837 830 3879 autem
847 3829 943 3888 crimen,
956 3847 1003 3895 quo
1052 3841 1077 3883 et
1091 3833 1203 3899 Augusti,
1212 3835 1280 3901 quasi
1294 3835 1391 3885 deorum
1405 3837 1547 3896 pulvinaris.

507 3899 1003 3970 nugunumlesit,votnm,idqueinsana-
1053 3907 1145 3956 Lirim
1163 3924 1227 3973 ergo¹
1244 3909 1279 3958 ait
1293 3909 1416 3974 Verpoort.
1428 3907 1479 3973 jam
1494 3919 1545 3958 tum

506 3972 554 4021 bile
565 3988 617 4022 esse
628 3972 696 4023 dicit.
1052 3980 1120 4046 quasi
1140 3982 1287 4031 sacerdotem
1303 3982 1406 4047 Augusti
1425 3981 1546 4042 (incubis,

540 4047 582 4095 62.
592 4047 653 4097 Meos
663 4051 768 4114 mmm]
778 4052 852 4110 Quasi
860 4051 932 4109 dicut.
941 4054 1002 4104 velle
1052 4071 1106 4120 quur
1122 4066 1147 4104 et
1164 4065 1217 4122 post
1231 4057 1283 4123 ejus
1296 4056 1386 4106 obitum
1401 4057 1423 4106 ei
1436 4057 1546 4108 noardes

507 4136 575 4187 posse
589 4122 661 4172 colari
676 4123 767 4174 cineres
779 4141 843 4183 suos,
855 4126 944 4191 utsjus
957 4127 1002 4176 cri·
1052 4130 1180 4179 constituta
1201 4140 1237 4179 est
1248 4130 1343 4180 decreto
1360 4131 1477 4191 senatun
1490 4131 1546 4183 vids

508 4210 562 4245 meu
573 4195 645 4245 etiam
656 4212 711 4270 eum
721 4197 769 4247 illis
779 4196 859 4247 lateat.
1052 4202 1140 4252 Vellei.
1153 4202 1230 4253 itte.
1256 4205 1367 4253 Semnus
1385 4220 1479 4270 quoque
1493 4222 1546 4256 ret-

540 4270 905 4334 (incommutatum
914 4274 999 4338 mon]
1051 4276 1107 4325 bum
1123 4292 1153 4326 ex
1174 4276 1300 4345 disciplina
1316 4294 1434 4327 sacrorum
1450 4289 1495 4334 ost,
1512 4282 1546 4329 uti

508 4343 682 4393 Fatendumest
693 4360 730 4393 me
740 4358 859 4409 peccasse.
888 4345 1002 4406 Utsruur
1052 4349 1160 4399 Vestulm
1176 4359 1290 4400 auruum
1304 4352 1382 4415 iguem
1399 4369 1490 4402 tersere
1509 4354 1546 4403 di·

507 4421 563 4466 m‘tu.
588 4417 693 4466 Fortasse
710 4416 832 4482 Augustus
847 4417 929 4475 iratus.
943 4420 1000 4469 mihi
1051 4419 1144 4474 cunuti.
1170 4425 1365 4475 curatum.
1392 4428 1504 4477 Hastam.

508 4488 589 4544 vitam.
599 4505 671 4554 quam
681 4491 805 4549 concessit,
815 4490 938 4541 adimeret.
985 4527 987 4532 -
1084 4499 1123 4546 72.
1135 4499 1231 4563 Filias]
1248 4499 1356 4549 liberius
1364 4498 1439 4550 Lirin
1450 4501 1513 4552 filius
1523 4513 1548 4551 et

502 4563 509 4578 ⁸
541 4563 580 4611 66.
594 4562 717 4627 Vultusque
731 4567 842 4614 amiserit
856 4565 930 4629 illos]
948 4565 1000 4617 Hoc
1051 4570 1370 4638 Augrutipsrsdoptionem.
