3609 5967
490 780 725 849 Tltlsrwu
748 780 840 846 LIB.
865 781 908 849 V.
930 782 1067 849 ELEG.
1091 783 1154 849 VI.
1281 787 1347 851 825

297 956 457 1031 Sarcina
472 981 569 1042 sum,
588 955 728 1045 fateor3
750 979 865 1053 quam
883 955 916 1028 si
934 965 977 1029 tu
993 966 1164 1054 tempore
1178 958 1273 1031 duro
1322 963 1345 1033 5

349 1070 602 1170 Depositurus
619 1096 715 1158 eras,
735 1095 809 1145 non
827 1072 1027 1146 subeunda
1041 1071 1125 1146 fuit.

299 1187 494 1262 Fluctibus
510 1189 548 1261 in
565 1188 700 1263 mediis
719 1212 865 1275 novem,
886 1186 1078 1274 Palinure,
1098 1187 1307 1285 relinquis?

349 1303 408 1378 Ne
426 1303 537 1401 suge3
568 1328 663 1379 neve
681 1315 750 1378 tua
767 1304 816 1377 sit
834 1303 955 1377 minor
972 1314 1051 1377 arte
1069 1302 1177 1376 fides.

298 1416 496 1517 Numquid
509 1417 715 1504 Achilleos,
733 1420 832 1492 inter
845 1417 925 1493 fera
940 1417 1081 1516 proelia,
1099 1417 1164 1491 fidi

305 1594 310 1597 .
348 1532 528 1609 Deseruit
544 1533 677 1607 levitas
695 1532 995 1607 Automedontis
1006 1532 1151 1631 equos?
1301 1537 1346 1605 10

296 1646 423 1732 Quem
442 1648 560 1722 semel
577 1647 742 1745 excepit,
762 1647 948 1745 numquid
964 1646 1177 1722 Podalirius
1196 1671 1296 1744 oegro
1328 1652 1331 1656 “

347 1761 580 1836 Promissam
598 1761 755 1836 medicoe
773 1786 847 1835 non
865 1761 952 1836 tulit
969 1763 1060 1837 artis
1079 1763 1218 1861 opemi

296 1875 461 1976 Turpius
479 1878 639 1974 ejicitur,
659 1899 775 1974 quem
794 1901 868 1950 non
886 1877 1098 1953 admittitur
1115 1880 1275 1977 hospes;
1324 1906 1329 1909 ·

347 1991 442 2076 Quae
461 1991 595 2090 putuit,
613 1978 759 2065 dextroe
776 1992 885 2067 firma
902 1993 953 2067 sit
970 2017 1035 2068 ara
1051 2018 1158 2068 meae.

298 2106 376 2194 Nil,
396 2106 467 2181 nisi
485 2131 545 2181 me
564 2107 700 2193 solum,
720 2107 840 2205 primo
855 2119 1001 2182 tutatus
1020 2132 1082 2184 es:
1104 2121 1143 2184 at
1160 2133 1260 2183 nunc
1285 2113 1345 2185 ·l5

347 2222 414 2297 Me
432 2224 572 2322 pariter
588 2248 708 2310 serva,
722 2223 990 2322 judiciumque
1008 2235 1136 2299 tuum:

298 2339 340 2413 Si
354 2340 465 2414 modo
478 2364 553 2413 non
567 2339 697 2436 aliqua
710 2338 1145 2437 estinmenovaculpa3
1167 2349 1347 2437 tuamque

349 2454 546 2529 Mutarunt
564 2453 690 2527 subito
707 2452 867 2527 crimina
884 2464 1013 2527 nostra
1029 2452 1165 2527 fidem:

299 2570 463 2670 Spiritus
490 2570 565 2658 hic,
599 2569 782 2668 Scythico
807 2593 923 2667 quem
948 2593 1023 2642 non
1047 2570 1146 2643 bene
1173 2569 1346 2642 ducimus

348 2685 462 2770 Quod
479 2685 604 2784 cupio,
619 2685 799 2760 membris
817 2698 932 2761 exeat
949 2697 1039 2761 ante
1057 2685 1165 2772 meis,
1226 2687 1345 2782 [aura,

297 2800 424 2886 Quam
441 2811 507 2874 tua
523 2800 664 2875 delicto
681 2800 914 2898 stringantur
932 2813 1089 2900 pectora
1103 2813 1243 2888 nostro,
1289 2805 1342 2897 21

349 2915 400 2991 Et
416 2917 545 2990 videar
562 2915 695 2990 merito
711 2915 819 2990 vilior
835 2941 921 2992 esse
939 2916 1021 2990 tibi.

299 3029 387 3105 Non
405 3031 500 3105 adeo
517 3030 587 3104 toti
605 3030 692 3104 fatis
710 3055 887 3128 urgemur
905 3031 1057 3130 iniquis,

351 3145 405 3220 Ut
422 3170 508 3220 mea
524 3146 574 3220 sit
590 3146 713 3243 longis
731 3170 838 3221 mens
857 3171 1013 3246 quoque
1031 3157 1134 3221 mota
1152 3149 1297 3223 malis:

299 3261 417 3359 Finge
429 3273 729 3337 tamenmotnm:
751 3262 900 3360 quoties
913 3263 1198 3359 Agamemnone
1215 3275 1346 3338 natum

348 3376 503 3453 Dixisse
521 3378 559 3451 in
577 3377 753 3478 Pyladen
770 3381 884 3453 verba
901 3390 1077 3478 proterva
1093 3381 1232 3477 putas?
1296 3384 1345 3454 26

296 3548 353 3599 ceps
368 3532 452 3582 leviter
467 3532 614 3594 deseruisse5
631 3532 687 3583 dein
698 3548 741 3599 pro
755 3550 797 3582 eu·
883 3533 923 3582 11.
949 3532 1072 3596 Nunquam
1095 3532 1247 3597 Podalirius]
1272 3533 1347 3583 Nun-

297 3606 796 3673 mmcepitcnmcombiunelibmeaus-
847 3609 905 3670 qnid
920 3621 975 3655 cum
992 3605 1132 3655 Combitno.
1149 3606 1238 3656 Huni.
1272 3607 1348 3657 roua-

296 3697 351 3746 unt,
368 3680 426 3745 quin
446 3679 531 3730 melius
551 3680 678 3747 respondet
697 3682 733 3746 τῷ
747 3698 796 3730 rur·
848 3682 923 3729 lirim.
940 3679 1095 3745 AEtcnlupius
1107 3679 1169 3730 filio·
1182 3680 1278 3746 reliquit
1291 3681 1347 3731 Mn·

296 3757 363 3816 cepti,
374 3764 401 3804 ut
411 3752 551 3805 iioPonto
562 3755 587 3804 ii.
604 3757 644 3805 46.
677 3755 796 3821 Equidem
846 3753 971 3811 cunonem,
999 3762 1024 3803 et
1050 3753 1206 3812 Podolirium,
1233 3754 1275 3820 qui
1302 3756 1347 3805 arti

296 3844 376 3877 esron
391 3828 497 3878 nondum
510 3829 658 3886 dnmnnrem,
670 3845 743 3894 quum
754 3846 796 3878 eu·
846 3837 953 3893 paterna
962 3827 1045 3886 dediti,
1056 3845 1130 3894 quum
1146 3828 1282 3894 ndijnm
1291 3844 1347 3880 cnm

296 3919 346 3949 m
363 3905 484 3966 suscipere.
503 3911 595 3951 veteres
614 3917 709 3968 quoque
729 3901 795 3952 dice·
846 3902 1026 3967 Agamemnone
1045 3903 1204 3968 navigarent,
1219 3904 1347 3970 plurimum

296 3983 358 4028 rent.
384 3976 447 4025 [oct
465 3976 533 4025 dubit
547 3975 648 4026 Getneri
660 3976 796 4026 Theseum·
845 3977 938 4027 Grecis
955 3976 979 4026 in
997 3993 1027 4027 eo
1042 3977 1107 4027 bello
1125 3977 1237 4028 muntia
1252 3994 1346 4028 summo

296 4050 580 4112 LLnubmoetpm.
605 4049 719 4099 Hennes.
750 4058 752 4063 ’
845 4049 926 4100 studio
937 4049 1075 4100 vulneribus
1084 4050 1193 4117 opitulati
1204 4059 1268 4108 tunt,
1278 4067 1345 4116 mug-

329 4123 353 4171 t.
370 4123 497 4173 Palinurus
504 4123 571 4173 ⁴lidus
582 4125 666 4173 AEnee
680 4124 796 4189 guberna·
845 4138 900 4172 nem
909 4126 940 4174 ob
950 4123 976 4172 id
985 4123 1085 4189 glorium
1094 4123 1185 4191 adepti.

296 4205 342 4253 tor,
354 4212 438 4246 mne
455 4206 541 4264 captus
555 4197 581 4248 in
593 4197 721 4264 medioque
737 4197 796 4247 meri
878 4199 919 4246 21.
930 4198 1107 4263 stringentem]
1120 4198 1145 4247 u.
1154 4197 1312 4269 erlndnntur.
1323 4214 1346 4245 v.

296 4270 417 4337 delapsus,
434 4287 520 4321 unvero
538 4271 655 4322 destituit.
670 4291 695 4322 v.
711 4272 797 4338 virgil.
845 4285 918 4336 supr-u
935 4270 962 4320 ii.
985 4271 1043 4320 663.
1063 4271 1216 4336 frangantur
1236 4268 1304 4318 leid.
1321 4277 1347 4318 et

297 4345 355 4394 AEu.
366 4361 389 4393 v.
399 4346 457 4395 83³.
466 4362 521 4412 sqq.
543 4347 657 4396 Hennes.
847 4344 921 4393 Bern.
931 4347 1056 4410 timetur
1066 4342 1143 4392 nlius:
1161 4356 1227 4397 mon·
1234 4342 1346 4391 mBer·

332 4419 371 4466 ¹⁰·
384 4419 490 4472 meit
502 4420 602 4485 levitae]
615 4420 670 4486 Ipse
681 4419 796 4470 Autome·
847 4433 915 4467 nens.
925 4419 979 4468 eod.
990 4419 1044 4467 loco
1055 4419 1114 4474 tibi,·
1130 4415 1194 4481 quod
1207 4430 1254 4464 non
1263 4413 1347 4481 displi-

297 4491 345 4540 don
363 4490 423 4541 levis
439 4493 561 4552 {uiuenti
577 4496 602 4545 in
620 4494 697 4545 medio
715 4493 797 4561 prelio
845 4501 893 4541 cet.
915 4491 1030 4540 Hirtus.

296 4581 390 4615 currum
401 4565 511 4625 Achillis,
522 4584 593 4634 quem
608 4569 715 4634 regebat,
727 4568 796 4618 dese·
878 4567 921 4614 25.
932 4563 1040 4627 diorum]
1060 4563 1168 4612 Mentem
1179 4576 1231 4610 erre
1241 4577 1344 4613 cuninto-

296 4637 391 4689 nisset.
415 4639 495 4690 Post.
846 4647 904 4687 tem.
931 4639 1097 4702 &amnone
1108 4644 1196 4685 naun.
1213 4636 1322 4688 Oresten.
