<?xml version="1.0" encoding="UTF-8"?>
<!DOCTYPE html PUBLIC "-//W3C//DTD XHTML 1.0 Transitional//EN"
    "http://www.w3.org/TR/xhtml1/DTD/xhtml1-transitional.dtd">
<html xmlns="http://www.w3.org/1999/xhtml" xml:lang="en" lang="en">
 <head>
  <title>
</title>
<meta http-equiv="Content-Type" content="text/html;charset=utf-8" />
  <meta name='ocr-system' content='tesseract 3.04.00' />
  <meta name='ocr-capabilities' content='ocr_page ocr_carea ocr_par ocr_line ocrx_word'/>
</head>
<body>
  <div class='ocr_page' id='page_1' title='image "./opera02giergoog_0325.png"; bbox 0 0 3609 5967; ppageno 0'>
   <div class='ocr_carea' id='block_1_1' title="bbox 462 771 1318 842">
    <p class='ocr_par' dir='ltr' id='par_1_1' title="bbox 462 771 1318 842">
     <span class='ocr_line' id='line_1_1' title="bbox 462 771 1318 842; baseline 0.002 -2"><span class='ocrx_word' id='word_1_1' title='bbox 462 771 694 842; x_wconf 72' lang='lat' dir='ltr'><strong>sursulus!</strong></span> <span class='ocrx_word' id='word_1_2' title='bbox 717 773 811 840; x_wconf 79' lang='grc' dir='ltr'><strong>ΠΒ.</strong></span> <span class='ocrx_word' id='word_1_3' title='bbox 826 772 870 839; x_wconf 87' lang='lat' dir='ltr'><strong>V.</strong></span> <span class='ocrx_word' id='word_1_4' title='bbox 895 771 1031 839; x_wconf 81' lang='lat' dir='ltr'><strong>ELEG.</strong></span> <span class='ocrx_word' id='word_1_5' title='bbox 1057 771 1117 838; x_wconf 91' lang='lat' dir='ltr'><strong>IV.</strong></span> <span class='ocrx_word' id='word_1_6' title='bbox 1251 771 1318 842; x_wconf 79' lang='lat' dir='ltr'><strong>utu</strong></span> 
     </span>
    </p>
   </div>
   <div class='ocr_carea' id='block_1_2' title="bbox 268 945 1319 2904">
    <p class='ocr_par' dir='ltr' id='par_1_2' title="bbox 268 945 1317 1142">
     <span class='ocr_line' id='line_1_2' title="bbox 268 945 1317 1050; baseline -0.004 -24"><span class='ocrx_word' id='word_1_7' title='bbox 268 951 381 1026; x_wconf 77' lang='lat' dir='ltr'><strong>Plena</strong></span> <span class='ocrx_word' id='word_1_8' title='bbox 398 974 554 1050; x_wconf 89' lang='lat' dir='ltr'><strong>quoqne</strong></span> <span class='ocrx_word' id='word_1_9' title='bbox 579 972 641 1022; x_wconf 88' lang='lat' dir='ltr'><strong>me</strong></span> <span class='ocrx_word' id='word_1_10' title='bbox 666 947 838 1047; x_wconf 82' lang='lat' dir='ltr'><strong>scripsit:</strong></span> <span class='ocrx_word' id='word_1_11' title='bbox 867 969 1036 1044; x_wconf 82' lang='lat' dir='ltr'><strong>necque</strong></span> <span class='ocrx_word' id='word_1_12' title='bbox 1061 945 1250 1043; x_wconf 78' lang='lat' dir='ltr'><strong>signabar,</strong></span> <span class='ocrx_word' id='word_1_13' title='bbox 1268 946 1317 1022; x_wconf 89' lang='lat' dir='ltr'><strong>ad</strong></span> 
     </span>
     <span class='ocr_line' id='line_1_3' title="bbox 416 1068 1316 1142; baseline -0.003 -1"><span class='ocrx_word' id='word_1_14' title='bbox 416 1093 459 1142; x_wconf 89' lang='lat' dir='ltr'><strong>os</strong></span> <span class='ocrx_word' id='word_1_15' title='bbox 479 1078 539 1140; x_wconf 88' lang='lat' dir='ltr'><strong>est</strong></span> <span class='ocrx_word' id='word_1_16' title='bbox 1294 1068 1316 1138; x_wconf 87' lang='lat'><strong><em>5</em></strong></span> 
     </span>
    </p>

    <p class='ocr_par' dir='ltr' id='par_1_3' title="bbox 317 1179 1226 1277">
     <span class='ocr_line' id='line_1_4' title="bbox 317 1179 1226 1277; baseline -0.002 -21"><span class='ocrx_word' id='word_1_17' title='bbox 317 1183 430 1271; x_wconf 85' lang='lat' dir='ltr'><strong>Ante,</strong></span> <span class='ocrx_word' id='word_1_18' title='bbox 449 1184 517 1257; x_wconf 87' lang='lat' dir='ltr'><strong>sed</strong></span> <span class='ocrx_word' id='word_1_19' title='bbox 535 1183 584 1256; x_wconf 92' lang='lat' dir='ltr'><strong>ad</strong></span> <span class='ocrx_word' id='word_1_20' title='bbox 601 1182 773 1256; x_wconf 88' lang='lat' dir='ltr'><strong>madidas</strong></span> <span class='ocrx_word' id='word_1_21' title='bbox 792 1203 943 1277; x_wconf 84' lang='lat' dir='ltr'><strong>gemma</strong></span> <span class='ocrx_word' id='word_1_22' title='bbox 960 1179 1078 1253; x_wconf 87' lang='lat' dir='ltr'><strong>relata</strong></span> <span class='ocrx_word' id='word_1_23' title='bbox 1096 1202 1226 1276; x_wconf 85' lang='lat' dir='ltr'><strong>genas.</strong></span> 
     </span>
    </p>

    <p class='ocr_par' dir='ltr' id='par_1_4' title="bbox 268 1294 1191 1514">
     <span class='ocr_line' id='line_1_5' title="bbox 268 1294 1191 1394; baseline -0.005 -21"><span class='ocrx_word' id='word_1_24' title='bbox 268 1297 448 1373; x_wconf 79' lang='lat' dir='ltr'><strong>Tristitiae</strong></span> <span class='ocrx_word' id='word_1_25' title='bbox 466 1322 621 1373; x_wconf 87' lang='lat' dir='ltr'><strong>causam</strong></span> <span class='ocrx_word' id='word_1_26' title='bbox 638 1296 672 1371; x_wconf 89' lang='lat' dir='ltr'><strong>si</strong></span> <span class='ocrx_word' id='word_1_27' title='bbox 689 1297 776 1394; x_wconf 89' lang='lat' dir='ltr'><strong>quis</strong></span> <span class='ocrx_word' id='word_1_28' title='bbox 794 1319 1025 1392; x_wconf 80' lang='lat' dir='ltr'>cognoscere</span> <span class='ocrx_word' id='word_1_29' title='bbox 1042 1294 1191 1393; x_wconf 86' lang='lat' dir='ltr'><strong>quaerit,</strong></span> 
     </span>
     <span class='ocr_line' id='line_1_6' title="bbox 319 1412 999 1514; baseline -0.007 -25"><span class='ocrx_word' id='word_1_30' title='bbox 319 1416 482 1490; x_wconf 83' lang='lat' dir='ltr'><strong>Ostendi</strong></span> <span class='ocrx_word' id='word_1_31' title='bbox 500 1417 621 1490; x_wconf 87' lang='lat' dir='ltr'><strong>solem</strong></span> <span class='ocrx_word' id='word_1_32' title='bbox 638 1415 808 1514; x_wconf 88' lang='lat' dir='ltr'><strong>postulat</strong></span> <span class='ocrx_word' id='word_1_33' title='bbox 823 1412 887 1487; x_wconf 89' lang='lat' dir='ltr'><strong>ille</strong></span> <span class='ocrx_word' id='word_1_34' title='bbox 906 1412 999 1500; x_wconf 80' lang='lat' dir='ltr'><strong>sibi3</strong></span> 
     </span>
    </p>

    <p class='ocr_par' dir='ltr' id='par_1_5' title="bbox 269 1527 1318 1746">
     <span class='ocr_line' id='line_1_7' title="bbox 269 1527 1238 1630; baseline -0.002 -26"><span class='ocrx_word' id='word_1_35' title='bbox 269 1530 353 1606; x_wconf 88' lang='lat' dir='ltr'><strong>Nec</strong></span> <span class='ocrx_word' id='word_1_36' title='bbox 370 1531 542 1606; x_wconf 85' lang='lat' dir='ltr'><strong>frondem</strong></span> <span class='ocrx_word' id='word_1_37' title='bbox 559 1532 599 1605; x_wconf 92' lang='lat' dir='ltr'><strong>in</strong></span> <span class='ocrx_word' id='word_1_38' title='bbox 617 1530 733 1617; x_wconf 74' lang='lat' dir='ltr'><strong>silvie,</strong></span> <span class='ocrx_word' id='word_1_39' title='bbox 748 1554 821 1606; x_wconf 87' lang='lat' dir='ltr'><strong>nec</strong></span> <span class='ocrx_word' id='word_1_40' title='bbox 838 1539 969 1630; x_wconf 89' lang='lat' dir='ltr'><strong>aperto</strong></span> <span class='ocrx_word' id='word_1_41' title='bbox 987 1527 1114 1602; x_wconf 88' lang='lat' dir='ltr'><strong>mollia</strong></span> <span class='ocrx_word' id='word_1_42' title='bbox 1130 1537 1238 1626; x_wconf 87' lang='lat' dir='ltr'><strong>prato</strong></span> 
     </span>
     <span class='ocr_line' id='line_1_8' title="bbox 320 1644 1318 1746; baseline -0.003 -26"><span class='ocrx_word' id='word_1_43' title='bbox 320 1648 515 1735; x_wconf 84' lang='lat' dir='ltr'><strong>Gramina,</strong></span> <span class='ocrx_word' id='word_1_44' title='bbox 533 1671 605 1724; x_wconf 88' lang='lat' dir='ltr'><strong>nec</strong></span> <span class='ocrx_word' id='word_1_45' title='bbox 621 1648 735 1746; x_wconf 90' lang='lat' dir='ltr'><strong>pleno</strong></span> <span class='ocrx_word' id='word_1_46' title='bbox 751 1647 908 1720; x_wconf 88' lang='lat' dir='ltr'><strong>flumine</strong></span> <span class='ocrx_word' id='word_1_47' title='bbox 925 1644 1044 1719; x_wconf 81' lang='lat' dir='ltr'><strong>cernit</strong></span> <span class='ocrx_word' id='word_1_48' title='bbox 1061 1667 1201 1742; x_wconf 88' lang='lat' dir='ltr'><strong>aquas:</strong></span> <span class='ocrx_word' id='word_1_49' title='bbox 1273 1649 1318 1718; x_wconf 91' lang='lat'><strong>10</strong></span> 
     </span>
    </p>

    <p class='ocr_par' dir='ltr' id='par_1_6' title="bbox 268 1759 1285 1974">
     <span class='ocr_line' id='line_1_9' title="bbox 268 1759 1285 1859; baseline -0.003 -24"><span class='ocrx_word' id='word_1_50' title='bbox 268 1761 371 1846; x_wconf 81' lang='lat' dir='ltr'><strong>Quid</strong></span> <span class='ocrx_word' id='word_1_51' title='bbox 389 1763 565 1838; x_wconf 84' lang='lat' dir='ltr'><strong>Priamus</strong></span> <span class='ocrx_word' id='word_1_52' title='bbox 582 1764 721 1851; x_wconf 88' lang='lat' dir='ltr'><strong>doleat,</strong></span> <span class='ocrx_word' id='word_1_53' title='bbox 740 1762 950 1849; x_wconf 88' lang='lat' dir='ltr'><strong>mirabitur,</strong></span> <span class='ocrx_word' id='word_1_54' title='bbox 971 1759 1137 1834; x_wconf 81' lang='lat' dir='ltr'>Hectore</span> <span class='ocrx_word' id='word_1_55' title='bbox 1155 1770 1285 1859; x_wconf 87' lang='lat' dir='ltr'><strong>rapto;</strong></span> 
     </span>
     <span class='ocr_line' id='line_1_10' title="bbox 319 1877 1203 1974; baseline 0.001 -24"><span class='ocrx_word' id='word_1_56' title='bbox 319 1877 469 1962; x_wconf 84' lang='lat' dir='ltr'><strong>Quidve</strong></span> <span class='ocrx_word' id='word_1_57' title='bbox 486 1878 721 1952; x_wconf 86' lang='lat' dir='ltr'><strong>Philoctetes</strong></span> <span class='ocrx_word' id='word_1_58' title='bbox 735 1877 834 1952; x_wconf 86' lang='lat' dir='ltr'><strong>ictus</strong></span> <span class='ocrx_word' id='word_1_59' title='bbox 852 1878 901 1951; x_wconf 88' lang='lat' dir='ltr'><strong>ab</strong></span> <span class='ocrx_word' id='word_1_60' title='bbox 920 1899 1044 1974; x_wconf 85' lang='lat' dir='ltr'><strong>ungue</strong></span> <span class='ocrx_word' id='word_1_61' title='bbox 1062 1886 1203 1974; x_wconf 88' lang='lat' dir='ltr'><strong>gemat.</strong></span> 
     </span>
    </p>

    <p class='ocr_par' dir='ltr' id='par_1_7' title="bbox 269 1990 1195 2186">
     <span class='ocr_line' id='line_1_11' title="bbox 269 1990 1195 2084; baseline 0.001 -19"><span class='ocrx_word' id='word_1_62' title='bbox 269 1992 321 2065; x_wconf 81' lang='lat' dir='ltr'><strong>Di</strong></span> <span class='ocrx_word' id='word_1_63' title='bbox 338 1991 506 2069; x_wconf 86' lang='lat' dir='ltr'><strong>facerent</strong></span> <span class='ocrx_word' id='word_1_64' title='bbox 523 1995 679 2084; x_wconf 88' lang='lat' dir='ltr'><strong>utinam,</strong></span> <span class='ocrx_word' id='word_1_65' title='bbox 698 1995 786 2069; x_wconf 88' lang='lat' dir='ltr'><strong>talis</strong></span> <span class='ocrx_word' id='word_1_66' title='bbox 803 2004 925 2069; x_wconf 76' lang='lat' dir='ltr'><strong>status</strong></span> <span class='ocrx_word' id='word_1_67' title='bbox 943 2001 1046 2068; x_wconf 86' lang='lat' dir='ltr'><strong>esset</strong></span> <span class='ocrx_word' id='word_1_68' title='bbox 1062 1992 1101 2066; x_wconf 87' lang='lat' dir='ltr'><strong>in</strong></span> <span class='ocrx_word' id='word_1_69' title='bbox 1119 1990 1195 2080; x_wconf 91' lang='lat' dir='ltr'><strong>illo,</strong></span> 
     </span>
     <span class='ocr_line' id='line_1_12' title="bbox 320 2107 1089 2186; baseline -0.001 -4"><span class='ocrx_word' id='word_1_70' title='bbox 320 2109 375 2185; x_wconf 92' lang='lat' dir='ltr'><strong>Ut</strong></span> <span class='ocrx_word' id='word_1_71' title='bbox 391 2135 466 2185; x_wconf 89' lang='lat' dir='ltr'><strong>non</strong></span> <span class='ocrx_word' id='word_1_72' title='bbox 483 2111 644 2186; x_wconf 77' lang='lat' dir='ltr'><strong>tristitiae</strong></span> <span class='ocrx_word' id='word_1_73' title='bbox 662 2133 778 2186; x_wconf 84' lang='lat' dir='ltr'><strong>cansa</strong></span> <span class='ocrx_word' id='word_1_74' title='bbox 794 2110 962 2186; x_wconf 87' lang='lat' dir='ltr'><strong>dolenda</strong></span> <span class='ocrx_word' id='word_1_75' title='bbox 974 2107 1089 2183; x_wconf 87' lang='lat' dir='ltr'><strong>foretl</strong></span> 
     </span>
    </p>

    <p class='ocr_par' dir='ltr' id='par_1_8' title="bbox 269 2223 1317 2436">
     <span class='ocr_line' id='line_1_13' title="bbox 269 2223 1317 2326; baseline -0.003 -29"><span class='ocrx_word' id='word_1_76' title='bbox 269 2223 359 2299; x_wconf 87' lang='lat' dir='ltr'><strong>Fert</strong></span> <span class='ocrx_word' id='word_1_77' title='bbox 373 2237 513 2316; x_wconf 85' lang='lat' dir='ltr'><strong>tamen,</strong></span> <span class='ocrx_word' id='word_1_78' title='bbox 532 2237 576 2302; x_wconf 90' lang='lat' dir='ltr'><strong>ut</strong></span> <span class='ocrx_word' id='word_1_79' title='bbox 592 2228 719 2315; x_wconf 89' lang='lat' dir='ltr'><strong>debet,</strong></span> <span class='ocrx_word' id='word_1_80' title='bbox 739 2251 851 2302; x_wconf 88' lang='lat' dir='ltr'><strong>casus</strong></span> <span class='ocrx_word' id='word_1_81' title='bbox 869 2224 1058 2326; x_wconf 82' lang='lat' dir='ltr'><strong>patienter</strong></span> <span class='ocrx_word' id='word_1_82' title='bbox 1075 2245 1233 2309; x_wconf 84' lang='lat' dir='ltr'><strong>amaros,</strong></span> <span class='ocrx_word' id='word_1_83' title='bbox 1272 2224 1317 2294; x_wconf 87' lang='lat'><strong>15</strong></span> 
     </span>
     <span class='ocr_line' id='line_1_14' title="bbox 319 2339 1139 2436; baseline 0 -23"><span class='ocrx_word' id='word_1_84' title='bbox 319 2340 428 2418; x_wconf 91' lang='lat' dir='ltr'><strong>More</strong></span> <span class='ocrx_word' id='word_1_85' title='bbox 445 2367 516 2416; x_wconf 88' lang='lat' dir='ltr'><strong>nec</strong></span> <span class='ocrx_word' id='word_1_86' title='bbox 533 2342 708 2417; x_wconf 87' lang='lat' dir='ltr'><strong>indomiti</strong></span> <span class='ocrx_word' id='word_1_87' title='bbox 724 2342 843 2416; x_wconf 72' lang='lat' dir='ltr'><strong>fraena</strong></span> <span class='ocrx_word' id='word_1_88' title='bbox 858 2350 1012 2416; x_wconf 87' lang='lat' dir='ltr'><strong>recusat</strong></span> <span class='ocrx_word' id='word_1_89' title='bbox 1029 2339 1139 2436; x_wconf 89' lang='lat' dir='ltr'><strong>equi:</strong></span> 
     </span>
    </p>

    <p class='ocr_par' dir='ltr' id='par_1_9' title="bbox 268 2454 1231 2672">
     <span class='ocr_line' id='line_1_15' title="bbox 268 2454 1231 2558; baseline -0.002 -29"><span class='ocrx_word' id='word_1_90' title='bbox 268 2454 305 2529; x_wconf 93' lang='lat' dir='ltr'>N</span> <span class='ocrx_word' id='word_1_91' title='bbox 307 2481 351 2530; x_wconf 91' lang='lat' dir='ltr'><strong>ec</strong></span> <span class='ocrx_word' id='word_1_92' title='bbox 368 2457 447 2532; x_wconf 87' lang='lat' dir='ltr'><strong>fore</strong></span> <span class='ocrx_word' id='word_1_93' title='bbox 464 2469 687 2558; x_wconf 90' lang='lat' dir='ltr'><strong>perpetuam</strong></span> <span class='ocrx_word' id='word_1_94' title='bbox 704 2469 834 2557; x_wconf 87' lang='lat' dir='ltr'><strong>sperat</strong></span> <span class='ocrx_word' id='word_1_95' title='bbox 850 2457 923 2530; x_wconf 88' lang='lat' dir='ltr'><strong>sibi</strong></span> <span class='ocrx_word' id='word_1_96' title='bbox 941 2454 1106 2530; x_wconf 90' lang='lat' dir='ltr'><strong>numinis</strong></span> <span class='ocrx_word' id='word_1_97' title='bbox 1123 2454 1231 2541; x_wconf 85' lang='lat' dir='ltr'><strong>iram,</strong></span> 
     </span>
     <span class='ocr_line' id='line_1_16' title="bbox 319 2570 1131 2672; baseline -0.002 -27"><span class='ocrx_word' id='word_1_98' title='bbox 319 2570 505 2646; x_wconf 81' lang='lat' dir='ltr'><strong>Conscius</strong></span> <span class='ocrx_word' id='word_1_99' title='bbox 522 2574 560 2647; x_wconf 93' lang='lat' dir='ltr'><strong>in</strong></span> <span class='ocrx_word' id='word_1_100' title='bbox 579 2574 692 2672; x_wconf 91' lang='lat' dir='ltr'><strong>culpa</strong></span> <span class='ocrx_word' id='word_1_101' title='bbox 708 2598 784 2647; x_wconf 88' lang='lat' dir='ltr'><strong>non</strong></span> <span class='ocrx_word' id='word_1_102' title='bbox 802 2572 927 2647; x_wconf 88' lang='lat' dir='ltr'><strong>scelus</strong></span> <span class='ocrx_word' id='word_1_103' title='bbox 945 2595 1031 2646; x_wconf 87' lang='lat' dir='ltr'><strong>esre</strong></span> <span class='ocrx_word' id='word_1_104' title='bbox 1049 2595 1131 2644; x_wconf 86' lang='lat' dir='ltr'><strong>sua.</strong></span> 
     </span>
    </p>

    <p class='ocr_par' dir='ltr' id='par_1_10' title="bbox 269 2685 1319 2904">
     <span class='ocr_line' id='line_1_17' title="bbox 269 2685 1229 2788; baseline 0.001 -30"><span class='ocrx_word' id='word_1_105' title='bbox 269 2685 383 2786; x_wconf 88' lang='lat' dir='ltr'><strong>Saepe</strong></span> <span class='ocrx_word' id='word_1_106' title='bbox 399 2688 524 2777; x_wconf 85' lang='lat' dir='ltr'><strong>refert,</strong></span> <span class='ocrx_word' id='word_1_107' title='bbox 544 2689 594 2763; x_wconf 91' lang='lat' dir='ltr'><strong>sit</strong></span> <span class='ocrx_word' id='word_1_108' title='bbox 611 2701 755 2788; x_wconf 87' lang='lat' dir='ltr'><strong>quanta</strong></span> <span class='ocrx_word' id='word_1_109' title='bbox 773 2690 847 2765; x_wconf 89' lang='lat' dir='ltr'><strong>Dei</strong></span> <span class='ocrx_word' id='word_1_110' title='bbox 864 2687 1089 2778; x_wconf 82' lang='lat' dir='ltr'><strong>clementia3</strong></span> <span class='ocrx_word' id='word_1_111' title='bbox 1119 2688 1229 2783; x_wconf 86' lang='lat' dir='ltr'><strong>cnjus</strong></span> 
     </span>
     <span class='ocr_line' id='line_1_18' title="bbox 319 2802 1319 2904; baseline -0.002 -28"><span class='ocrx_word' id='word_1_112' title='bbox 319 2802 371 2878; x_wconf 86' lang='lat' dir='ltr'><strong>Se</strong></span> <span class='ocrx_word' id='word_1_113' title='bbox 389 2827 543 2903; x_wconf 88' lang='lat' dir='ltr'><strong>quoque</strong></span> <span class='ocrx_word' id='word_1_114' title='bbox 559 2806 599 2878; x_wconf 91' lang='lat' dir='ltr'><strong>in</strong></span> <span class='ocrx_word' id='word_1_115' title='bbox 616 2806 803 2904; x_wconf 84' lang='lat' dir='ltr'><strong>exemplis</strong></span> <span class='ocrx_word' id='word_1_116' title='bbox 821 2806 1067 2880; x_wconf 82' lang='lat' dir='ltr'><strong>adnumerare</strong></span> <span class='ocrx_word' id='word_1_117' title='bbox 1085 2803 1202 2877; x_wconf 87' lang='lat' dir='ltr'><strong>solet:</strong></span> <span class='ocrx_word' id='word_1_118' title='bbox 1268 2805 1319 2874; x_wconf 87' lang='lat'><strong>20</strong></span> 
     </span>
    </p>
   </div>
   <div class='ocr_carea' id='block_1_3' title="bbox 265 2984 1370 4674">
    <p class='ocr_par' dir='ltr' id='par_1_11' title="bbox 265 2984 1320 3272">
     <span class='ocr_line' id='line_1_19' title="bbox 300 2984 1319 3052; baseline 0.001 -19"><span class='ocrx_word' id='word_1_119' title='bbox 300 2986 325 3034; x_wconf 81' lang='lat' dir='ltr'><strong>t.</strong></span> <span class='ocrx_word' id='word_1_120' title='bbox 342 2987 467 3052; x_wconf 67' lang='lat' dir='ltr'><strong>Postulat]</strong></span> <span class='ocrx_word' id='word_1_121' title='bbox 485 2988 559 3038; x_wconf 81' lang='lat' dir='ltr'><strong>Melit</strong></span> <span class='ocrx_word' id='word_1_122' title='bbox 574 2989 695 3048; x_wconf 80' lang='lat' dir='ltr'><strong>Heinsius,</strong></span> <span class='ocrx_word' id='word_1_123' title='bbox 706 2999 731 3039; x_wconf 89' lang='lat' dir='ltr'><strong>et</strong></span> <span class='ocrx_word' id='word_1_124' title='bbox 742 2989 768 3038; x_wconf 92' lang='lat' dir='ltr'><strong>in</strong></span> <span class='ocrx_word' id='word_1_125' title='bbox 818 3005 895 3045; x_wconf 85' lang='lat' dir='ltr'><strong>meus,</strong></span> <span class='ocrx_word' id='word_1_126' title='bbox 906 2997 934 3037; x_wconf 90' lang='lat' dir='ltr'><strong>ut</strong></span> <span class='ocrx_word' id='word_1_127' title='bbox 943 2988 1054 3037; x_wconf 89' lang='lat' dir='ltr'><strong>deberem</strong></span> <span class='ocrx_word' id='word_1_128' title='bbox 1069 2986 1153 3036; x_wconf 87' lang='lat' dir='ltr'><strong>docere</strong></span> <span class='ocrx_word' id='word_1_129' title='bbox 1171 2999 1267 3034; x_wconf 87' lang='lat' dir='ltr'><strong>causam</strong></span> <span class='ocrx_word' id='word_1_130' title='bbox 1277 2984 1319 3034; x_wconf 89' lang='lat' dir='ltr'><strong>tri-</strong></span> 
     </span>
     <span class='ocr_line' id='line_1_20' title="bbox 265 3059 1319 3126; baseline -0.002 -17"><span class='ocrx_word' id='word_1_131' title='bbox 265 3061 376 3125; x_wconf 87' lang='lat' dir='ltr'><strong>sequenti</strong></span> <span class='ocrx_word' id='word_1_132' title='bbox 392 3078 461 3112; x_wconf 78' lang='lat' dir='ltr'><strong>versu</strong></span> <span class='ocrx_word' id='word_1_133' title='bbox 476 3067 562 3126; x_wconf 64' lang='lat' dir='ltr'><strong>aprica</strong></span> <span class='ocrx_word' id='word_1_134' title='bbox 578 3061 621 3112; x_wconf 88' lang='lat' dir='ltr'><strong>sed</strong></span> <span class='ocrx_word' id='word_1_135' title='bbox 637 3063 768 3112; x_wconf 82' lang='lat' dir='ltr'><strong>Burmann.</strong></span> <span class='ocrx_word' id='word_1_136' title='bbox 818 3060 985 3120; x_wconf 73' lang='lat' dir='ltr'><strong>stitin,idost,</strong></span> <span class='ocrx_word' id='word_1_137' title='bbox 992 3069 1020 3109; x_wconf 90' lang='lat' dir='ltr'><strong>ut</strong></span> <span class='ocrx_word' id='word_1_138' title='bbox 1028 3059 1164 3109; x_wconf 76' lang='lat' dir='ltr'><strong>inteliloco</strong></span> <span class='ocrx_word' id='word_1_139' title='bbox 1172 3073 1249 3108; x_wconf 66' lang='lat' dir='ltr'><strong>asem</strong></span> <span class='ocrx_word' id='word_1_140' title='bbox 1256 3059 1319 3125; x_wconf 84' lang='lat' dir='ltr'><strong>posi·</strong></span> 
     </span>
     <span class='ocr_line' id='line_1_21' title="bbox 267 3132 1320 3202; baseline -0.001 -20"><span class='ocrx_word' id='word_1_141' title='bbox 267 3134 329 3183; x_wconf 88' lang='lat' dir='ltr'><strong>bene</strong></span> <span class='ocrx_word' id='word_1_142' title='bbox 340 3134 447 3185; x_wconf 75' lang='lat' dir='ltr'><strong>defendit</strong></span> <span class='ocrx_word' id='word_1_143' title='bbox 460 3146 485 3186; x_wconf 89' lang='lat' dir='ltr'><strong>et</strong></span> <span class='ocrx_word' id='word_1_144' title='bbox 500 3137 603 3187; x_wconf 87' lang='lat' dir='ltr'><strong>illustrat</strong></span> <span class='ocrx_word' id='word_1_145' title='bbox 615 3147 715 3200; x_wconf 64' lang='lat' dir='ltr'><strong>meu,</strong></span> <span class='ocrx_word' id='word_1_146' title='bbox 725 3137 767 3188; x_wconf 83' lang='lat' dir='ltr'><strong>ubi</strong></span> <span class='ocrx_word' id='word_1_147' title='bbox 817 3145 865 3194; x_wconf 84' lang='lat' dir='ltr'><strong>tus,</strong></span> <span class='ocrx_word' id='word_1_148' title='bbox 876 3137 945 3202; x_wconf 89' lang='lat' dir='ltr'><strong>cujus</strong></span> <span class='ocrx_word' id='word_1_149' title='bbox 955 3151 1003 3185; x_wconf 89' lang='lat' dir='ltr'><strong>non</strong></span> <span class='ocrx_word' id='word_1_150' title='bbox 1013 3133 1149 3201; x_wconf 71' lang='lat' dir='ltr'><strong>peniteret,</strong></span> <span class='ocrx_word' id='word_1_151' title='bbox 1162 3133 1181 3182; x_wconf 92' lang='lat' dir='ltr'><strong>si</strong></span> <span class='ocrx_word' id='word_1_152' title='bbox 1193 3147 1266 3199; x_wconf 78' lang='lat' dir='ltr'><strong>pruna</strong></span> <span class='ocrx_word' id='word_1_153' title='bbox 1274 3132 1320 3182; x_wconf 91' lang='lat' dir='ltr'><strong>cri·</strong></span> 
     </span>
     <span class='ocr_line' id='line_1_22' title="bbox 268 3204 1319 3272; baseline 0.001 -17"><span class='ocrx_word' id='word_1_154' title='bbox 268 3207 341 3256; x_wconf 78' lang='lat' dir='ltr'><strong>nulle</strong></span> <span class='ocrx_word' id='word_1_155' title='bbox 351 3209 445 3258; x_wconf 79' lang='lat' dir='ltr'><strong>arbores</strong></span> <span class='ocrx_word' id='word_1_156' title='bbox 454 3219 518 3260; x_wconf 85' lang='lat' dir='ltr'><strong>tunt.</strong></span> <span class='ocrx_word' id='word_1_157' title='bbox 550 3212 663 3260; x_wconf 79' lang='lat' dir='ltr'><strong>Hsasrs.</strong></span> <span class='ocrx_word' id='word_1_158' title='bbox 817 3209 876 3259; x_wconf 85' lang='lat' dir='ltr'><strong>mini</strong></span> <span class='ocrx_word' id='word_1_159' title='bbox 898 3225 951 3258; x_wconf 89' lang='lat' dir='ltr'><strong>meo</strong></span> <span class='ocrx_word' id='word_1_160' title='bbox 968 3208 1119 3264; x_wconf 82' lang='lat' dir='ltr'><strong>conferretur,</strong></span> <span class='ocrx_word' id='word_1_161' title='bbox 1136 3215 1161 3256; x_wconf 89' lang='lat' dir='ltr'><strong>et</strong></span> <span class='ocrx_word' id='word_1_162' title='bbox 1178 3204 1265 3272; x_wconf 82' lang='lat' dir='ltr'><strong>injuria</strong></span> <span class='ocrx_word' id='word_1_163' title='bbox 1280 3222 1319 3256; x_wconf 86' lang='lat' dir='ltr'><strong>rue</strong></span> 
     </span>
    </p>

    <p class='ocr_par' dir='ltr' id='par_1_12' title="bbox 267 3281 1320 3498">
     <span class='ocr_line' id='line_1_23' title="bbox 302 3281 1320 3350; baseline 0.003 -22"><span class='ocrx_word' id='word_1_164' title='bbox 302 3283 341 3331; x_wconf 82' lang='lat'><strong>12.</strong></span> <span class='ocrx_word' id='word_1_165' title='bbox 363 3281 427 3332; x_wconf 82' lang='lat' dir='ltr'><strong>Ictus</strong></span> <span class='ocrx_word' id='word_1_166' title='bbox 441 3285 471 3332; x_wconf 81' lang='lat' dir='ltr'><strong>al</strong></span> <span class='ocrx_word' id='word_1_167' title='bbox 485 3283 585 3350; x_wconf 56' lang='lat' dir='ltr'><strong>aum]</strong></span> <span class='ocrx_word' id='word_1_168' title='bbox 606 3285 654 3334; x_wconf 88' lang='lat' dir='ltr'><strong>Vel</strong></span> <span class='ocrx_word' id='word_1_169' title='bbox 670 3283 766 3350; x_wconf 75' lang='lat' dir='ltr'><strong>sagitta,</strong></span> <span class='ocrx_word' id='word_1_170' title='bbox 817 3284 885 3350; x_wconf 89' lang='lat' dir='ltr'><strong>queri</strong></span> <span class='ocrx_word' id='word_1_171' title='bbox 904 3297 986 3334; x_wconf 88' lang='lat' dir='ltr'><strong>omues</strong></span> <span class='ocrx_word' id='word_1_172' title='bbox 1006 3281 1121 3332; x_wconf 75' lang='lat' dir='ltr'><strong>dicerem.</strong></span> <span class='ocrx_word' id='word_1_173' title='bbox 1154 3281 1245 3330; x_wconf 75' lang='lat' dir='ltr'><strong>Bonis.</strong></span> <span class='ocrx_word' id='word_1_174' title='bbox 1279 3281 1320 3331; x_wconf 89' lang='lat' dir='ltr'><strong>De</strong></span> 
     </span>
     <span class='ocr_line' id='line_1_24' title="bbox 269 3353 1320 3427; baseline -0.001 -23"><span class='ocrx_word' id='word_1_175' title='bbox 269 3372 360 3406; x_wconf 82' lang='lat' dir='ltr'><strong>veneno</strong></span> <span class='ocrx_word' id='word_1_176' title='bbox 377 3357 458 3424; x_wconf 74' lang='lat' dir='ltr'><strong>hydra</strong></span> <span class='ocrx_word' id='word_1_177' title='bbox 476 3357 547 3418; x_wconf 83' lang='lat' dir='ltr'><strong>illita,</strong></span> <span class='ocrx_word' id='word_1_178' title='bbox 563 3375 702 3427; x_wconf 68' lang='lat' dir='ltr'><strong>pmussus:</strong></span> <span class='ocrx_word' id='word_1_179' title='bbox 727 3359 766 3408; x_wconf 81' lang='lat' dir='ltr'><strong>rel</strong></span> <span class='ocrx_word' id='word_1_180' title='bbox 816 3357 984 3407; x_wconf 86' lang='lat' dir='ltr'><strong>emendatione</strong></span> <span class='ocrx_word' id='word_1_181' title='bbox 1000 3355 1082 3424; x_wconf 77' lang='lat' dir='ltr'><strong>prioris</strong></span> <span class='ocrx_word' id='word_1_182' title='bbox 1092 3369 1173 3404; x_wconf 83' lang='lat' dir='ltr'><strong>versus</strong></span> <span class='ocrx_word' id='word_1_183' title='bbox 1189 3353 1260 3404; x_wconf 77' lang='lat' dir='ltr'><strong>facile</strong></span> <span class='ocrx_word' id='word_1_184' title='bbox 1277 3354 1320 3403; x_wconf 82' lang='lat' dir='ltr'><strong>sd·</strong></span> 
     </span>
     <span class='ocr_line' id='line_1_25' title="bbox 267 3427 1319 3498; baseline -0.003 -20"><span class='ocrx_word' id='word_1_185' title='bbox 267 3446 350 3479; x_wconf 82' lang='lat' dir='ltr'><strong>revera</strong></span> <span class='ocrx_word' id='word_1_186' title='bbox 360 3446 375 3480; x_wconf 88' lang='lat' dir='ltr'><strong>a</strong></span> <span class='ocrx_word' id='word_1_187' title='bbox 384 3440 494 3498; x_wconf 82' lang='lat' dir='ltr'><strong>serpente</strong></span> <span class='ocrx_word' id='word_1_188' title='bbox 504 3431 574 3482; x_wconf 86' lang='lat' dir='ltr'><strong>ictus.</strong></span> <span class='ocrx_word' id='word_1_189' title='bbox 816 3431 913 3488; x_wconf 87' lang='lat' dir='ltr'><strong>sentior,</strong></span> <span class='ocrx_word' id='word_1_190' title='bbox 923 3445 1070 3496; x_wconf 86' lang='lat' dir='ltr'><strong>quamquam</strong></span> <span class='ocrx_word' id='word_1_191' title='bbox 1087 3427 1159 3478; x_wconf 83' lang='lat' dir='ltr'><strong>etism</strong></span> <span class='ocrx_word' id='word_1_192' title='bbox 1176 3428 1231 3476; x_wconf 80' lang='lat' dir='ltr'><strong>tulis</strong></span> <span class='ocrx_word' id='word_1_193' title='bbox 1246 3427 1319 3493; x_wconf 86' lang='lat' dir='ltr'><strong>possit</strong></span> 
     </span>
    </p>

    <p class='ocr_par' dir='ltr' id='par_1_13' title="bbox 269 3502 1320 4012">
     <span class='ocr_line' id='line_1_26' title="bbox 300 3502 1318 3571; baseline 0 -19"><span class='ocrx_word' id='word_1_194' title='bbox 300 3505 340 3555; x_wconf 79' lang='lat'><strong>1³.</strong></span> <span class='ocrx_word' id='word_1_195' title='bbox 357 3505 622 3569; x_wconf 74' lang='lat' dir='ltr'><strong>thoserertuttm]</strong></span> <span class='ocrx_word' id='word_1_196' title='bbox 641 3507 694 3556; x_wconf 85' lang='lat' dir='ltr'><strong>Hoc</strong></span> <span class='ocrx_word' id='word_1_197' title='bbox 702 3502 769 3553; x_wconf 89' lang='lat' dir='ltr'><strong>disti·</strong></span> <span class='ocrx_word' id='word_1_198' title='bbox 816 3505 940 3571; x_wconf 82' lang='lat' dir='ltr'><strong>explicari.</strong></span> <span class='ocrx_word' id='word_1_199' title='bbox 951 3504 983 3554; x_wconf 90' lang='lat' dir='ltr'><strong>de</strong></span> <span class='ocrx_word' id='word_1_200' title='bbox 998 3502 1134 3570; x_wconf 83' lang='lat' dir='ltr'><strong>posterioris</strong></span> <span class='ocrx_word' id='word_1_201' title='bbox 1142 3517 1226 3552; x_wconf 85' lang='lat' dir='ltr'><strong>versus</strong></span> <span class='ocrx_word' id='word_1_202' title='bbox 1237 3510 1318 3552; x_wconf 78' lang='lat' dir='ltr'><strong>autern</strong></span> 
     </span>
     <span class='ocr_line' id='line_1_27' title="bbox 269 3577 1319 3642; baseline 0 -16"><span class='ocrx_word' id='word_1_203' title='bbox 269 3577 330 3627; x_wconf 87' lang='lat' dir='ltr'><strong>chon</strong></span> <span class='ocrx_word' id='word_1_204' title='bbox 341 3579 382 3628; x_wconf 78' lang='lat' dir='ltr'><strong>vir</strong></span> <span class='ocrx_word' id='word_1_205' title='bbox 394 3579 505 3629; x_wconf 69' lang='lat' dir='ltr'><strong>hunum</strong></span> <span class='ocrx_word' id='word_1_206' title='bbox 516 3589 560 3638; x_wconf 86' lang='lat' dir='ltr'><strong>est,</strong></span> <span class='ocrx_word' id='word_1_207' title='bbox 571 3589 596 3629; x_wconf 90' lang='lat' dir='ltr'><strong>et</strong></span> <span class='ocrx_word' id='word_1_208' title='bbox 605 3579 681 3628; x_wconf 87' lang='lat' dir='ltr'><strong>multo</strong></span> <span class='ocrx_word' id='word_1_209' title='bbox 691 3578 770 3627; x_wconf 88' lang='lat' dir='ltr'><strong>minus</strong></span> <span class='ocrx_word' id='word_1_210' title='bbox 816 3579 984 3629; x_wconf 80' lang='lat' dir='ltr'><strong>emendatione</strong></span> <span class='ocrx_word' id='word_1_211' title='bbox 1000 3579 1068 3627; x_wconf 87' lang='lat' dir='ltr'><strong>salvo</strong></span> <span class='ocrx_word' id='word_1_212' title='bbox 1086 3592 1143 3642; x_wconf 81' lang='lat' dir='ltr'><strong>erga</strong></span> <span class='ocrx_word' id='word_1_213' title='bbox 1158 3591 1241 3626; x_wconf 85' lang='lat' dir='ltr'><strong>manes</strong></span> <span class='ocrx_word' id='word_1_214' title='bbox 1256 3577 1319 3626; x_wconf 87' lang='lat' dir='ltr'><strong>Bur·</strong></span> 
     </span>
     <span class='ocr_line' id='line_1_28' title="bbox 269 3649 1317 3720; baseline -0.001 -19"><span class='ocrx_word' id='word_1_215' title='bbox 269 3650 382 3702; x_wconf 83' lang='lat' dir='ltr'><strong>Ovidian.</strong></span> <span class='ocrx_word' id='word_1_216' title='bbox 414 3653 505 3702; x_wconf 76' lang='lat' dir='ltr'><strong>Herus.</strong></span> <span class='ocrx_word' id='word_1_217' title='bbox 536 3653 562 3702; x_wconf 87' lang='lat' dir='ltr'><strong>Si</strong></span> <span class='ocrx_word' id='word_1_218' title='bbox 587 3653 698 3702; x_wconf 84' lang='lat' dir='ltr'><strong>eradatur</strong></span> <span class='ocrx_word' id='word_1_219' title='bbox 723 3652 769 3702; x_wconf 86' lang='lat' dir='ltr'><strong>hoc</strong></span> <span class='ocrx_word' id='word_1_220' title='bbox 817 3649 1317 3720; x_wconf 82' lang='lat' dir='ltr'><strong>mannianrspudore‚equidemdissentio;</strong></span> 
     </span>
     <span class='ocr_line' id='line_1_29' title="bbox 269 3723 1319 3795; baseline 0.001 -22"><span class='ocrx_word' id='word_1_221' title='bbox 269 3723 398 3784; x_wconf 85' lang='lat' dir='ltr'><strong>distichon,</strong></span> <span class='ocrx_word' id='word_1_222' title='bbox 408 3742 455 3775; x_wconf 89' lang='lat' dir='ltr'><strong>nou</strong></span> <span class='ocrx_word' id='word_1_223' title='bbox 466 3726 537 3775; x_wconf 83' lang='lat' dir='ltr'><strong>video</strong></span> <span class='ocrx_word' id='word_1_224' title='bbox 552 3726 673 3793; x_wconf 86' lang='lat' dir='ltr'><strong>quomodo</strong></span> <span class='ocrx_word' id='word_1_225' title='bbox 687 3725 770 3791; x_wconf 90' lang='lat' dir='ltr'><strong>priori·</strong></span> <span class='ocrx_word' id='word_1_226' title='bbox 816 3729 893 3795; x_wconf 82' lang='lat' dir='ltr'><strong>primo</strong></span> <span class='ocrx_word' id='word_1_227' title='bbox 908 3731 1011 3778; x_wconf 75' lang='lat' dir='ltr'><strong>sibinen</strong></span> <span class='ocrx_word' id='word_1_228' title='bbox 1027 3726 1128 3776; x_wconf 75' lang='lat' dir='ltr'><strong>susurret</strong></span> <span class='ocrx_word' id='word_1_229' title='bbox 1138 3725 1203 3774; x_wconf 83' lang='lat' dir='ltr'><strong>fictio</strong></span> <span class='ocrx_word' id='word_1_230' title='bbox 1216 3725 1319 3791; x_wconf 87' lang='lat' dir='ltr'><strong>poetica,</strong></span> 
     </span>
     <span class='ocr_line' id='line_1_30' title="bbox 270 3797 1319 3868; baseline -0.001 -20"><span class='ocrx_word' id='word_1_231' title='bbox 270 3800 315 3848; x_wconf 87' lang='lat' dir='ltr'><strong>bus</strong></span> <span class='ocrx_word' id='word_1_232' title='bbox 325 3801 458 3851; x_wconf 77' lang='lat' dir='ltr'><strong>cohereant</strong></span> <span class='ocrx_word' id='word_1_233' title='bbox 467 3801 607 3867; x_wconf 84' lang='lat' dir='ltr'><strong>sequentia:</strong></span> <span class='ocrx_word' id='word_1_234' title='bbox 626 3817 700 3866; x_wconf 84' lang='lat' dir='ltr'><strong>quare</strong></span> <span class='ocrx_word' id='word_1_235' title='bbox 714 3817 767 3850; x_wconf 86' lang='lat' dir='ltr'><strong>cor·</strong></span> <span class='ocrx_word' id='word_1_236' title='bbox 817 3801 875 3868; x_wconf 86' lang='lat' dir='ltr'><strong>quia</strong></span> <span class='ocrx_word' id='word_1_237' title='bbox 887 3800 989 3868; x_wconf 86' lang='lat' dir='ltr'><strong>epistola</strong></span> <span class='ocrx_word' id='word_1_238' title='bbox 1000 3800 1101 3864; x_wconf 90' lang='lat' dir='ltr'><strong>loquens</strong></span> <span class='ocrx_word' id='word_1_239' title='bbox 1114 3797 1244 3856; x_wconf 86' lang='lat' dir='ltr'><strong>inducitur,</strong></span> <span class='ocrx_word' id='word_1_240' title='bbox 1255 3799 1319 3863; x_wconf 93' lang='lat' dir='ltr'><strong>qnod</strong></span> 
     </span>
     <span class='ocr_line' id='line_1_31' title="bbox 270 3872 1319 3941; baseline 0.002 -19"><span class='ocrx_word' id='word_1_241' title='bbox 270 3881 366 3938; x_wconf 85' lang='lat' dir='ltr'><strong>ruptum</strong></span> <span class='ocrx_word' id='word_1_242' title='bbox 385 3874 465 3940; x_wconf 87' lang='lat' dir='ltr'><strong>potius</strong></span> <span class='ocrx_word' id='word_1_243' title='bbox 481 3876 561 3935; x_wconf 83' lang='lat' dir='ltr'><strong>credo,</strong></span> <span class='ocrx_word' id='word_1_244' title='bbox 583 3885 610 3925; x_wconf 87' lang='lat' dir='ltr'><strong>et</strong></span> <span class='ocrx_word' id='word_1_245' title='bbox 629 3876 665 3926; x_wconf 80' lang='lat' dir='ltr'><strong>itt</strong></span> <span class='ocrx_word' id='word_1_246' title='bbox 686 3876 768 3940; x_wconf 74' lang='lat' dir='ltr'><strong>legen·</strong></span> <span class='ocrx_word' id='word_1_247' title='bbox 818 3876 916 3941; x_wconf 83' lang='lat' dir='ltr'><strong>quidem</strong></span> <span class='ocrx_word' id='word_1_248' title='bbox 932 3883 969 3924; x_wconf 87' lang='lat' dir='ltr'><strong>est</strong></span> <span class='ocrx_word' id='word_1_249' title='bbox 988 3873 1014 3923; x_wconf 89' lang='lat' dir='ltr'><strong>in</strong></span> <span class='ocrx_word' id='word_1_250' title='bbox 1032 3872 1108 3924; x_wconf 83' lang='lat' dir='ltr'><strong>tribus</strong></span> <span class='ocrx_word' id='word_1_251' title='bbox 1124 3872 1195 3924; x_wconf 85' lang='lat' dir='ltr'><strong>codd.</strong></span> <span class='ocrx_word' id='word_1_252' title='bbox 1206 3872 1261 3922; x_wconf 86' lang='lat' dir='ltr'><strong>dein</strong></span> <span class='ocrx_word' id='word_1_253' title='bbox 1274 3888 1319 3924; x_wconf 87' lang='lat' dir='ltr'><strong>uec</strong></span> 
     </span>
     <span class='ocr_line' id='line_1_32' title="bbox 270 3945 1320 4012; baseline 0 -18"><span class='ocrx_word' id='word_1_254' title='bbox 270 3946 342 3996; x_wconf 84' lang='lat' dir='ltr'><strong>dum:</strong></span> <span class='ocrx_word' id='word_1_255' title='bbox 817 3951 925 3999; x_wconf 78' lang='lat' dir='ltr'><strong>miliaco</strong></span> <span class='ocrx_word' id='word_1_256' title='bbox 936 3949 1037 3998; x_wconf 73' lang='lat' dir='ltr'><strong>dxeudo</strong></span> <span class='ocrx_word' id='word_1_257' title='bbox 1046 3945 1320 4012; x_wconf 79' lang='lat' dir='ltr'><strong>corrigendumessevi·</strong></span> 
     </span>
    </p>

    <p class='ocr_par' dir='ltr' id='par_1_14' title="bbox 267 4019 1370 4674">
     <span class='ocr_line' id='line_1_33' title="bbox 304 4019 1319 4087; baseline -0.001 -18"><span class='ocrx_word' id='word_1_258' title='bbox 304 4021 454 4087; x_wconf 79' lang='lat' dir='ltr'><strong>thscererst</strong></span> <span class='ocrx_word' id='word_1_259' title='bbox 462 4028 562 4083; x_wconf 68' lang='lat' dir='ltr'><strong>minuet,</strong></span> <span class='ocrx_word' id='word_1_260' title='bbox 572 4027 622 4074; x_wconf 82' lang='lat' dir='ltr'><strong>voti</strong></span> <span class='ocrx_word' id='word_1_261' title='bbox 631 4033 704 4073; x_wconf 68' lang='lat' dir='ltr'><strong>mira</strong></span> <span class='ocrx_word' id='word_1_262' title='bbox 713 4035 768 4074; x_wconf 82' lang='lat' dir='ltr'><strong>esset</strong></span> <span class='ocrx_word' id='word_1_263' title='bbox 817 4022 894 4073; x_wconf 89' lang='lat' dir='ltr'><strong>detur.</strong></span> <span class='ocrx_word' id='word_1_264' title='bbox 915 4023 1031 4072; x_wconf 71' lang='lat' dir='ltr'><strong>Causam</strong></span> <span class='ocrx_word' id='word_1_265' title='bbox 1041 4019 1223 4077; x_wconf 66' lang='lat' dir='ltr'><strong>cimmerius,</strong></span> <span class='ocrx_word' id='word_1_266' title='bbox 1232 4034 1319 4086; x_wconf 81' lang='lat' dir='ltr'><strong>nempe</strong></span> 
     </span>
     <span class='ocr_line' id='line_1_34' title="bbox 365 4094 1318 4163; baseline -0.002 -17"><span class='ocrx_word' id='word_1_267' title='bbox 365 4101 391 4146; x_wconf 81' lang='lat' dir='ltr'><strong>r&#39;s</strong></span> <span class='ocrx_word' id='word_1_268' title='bbox 398 4099 448 4156; x_wconf 79' lang='lat' dir='ltr'><strong>illo,</strong></span> <span class='ocrx_word' id='word_1_269' title='bbox 817 4096 863 4146; x_wconf 84' lang='lat' dir='ltr'><strong>loci</strong></span> <span class='ocrx_word' id='word_1_270' title='bbox 876 4097 1035 4163; x_wconf 84' lang='lat' dir='ltr'><strong>iniquitatem,</strong></span> <span class='ocrx_word' id='word_1_271' title='bbox 1046 4094 1150 4160; x_wconf 82' lang='lat' dir='ltr'><strong>Augusti</strong></span> <span class='ocrx_word' id='word_1_272' title='bbox 1160 4094 1229 4152; x_wconf 86' lang='lat' dir='ltr'><strong>iram,</strong></span> <span class='ocrx_word' id='word_1_273' title='bbox 1240 4103 1265 4144; x_wconf 89' lang='lat' dir='ltr'><strong>et</strong></span> <span class='ocrx_word' id='word_1_274' title='bbox 1276 4096 1318 4144; x_wconf 88' lang='lat' dir='ltr'><strong>ab·</strong></span> 
     </span>
     <span class='ocr_line' id='line_1_35' title="bbox 337 4167 1318 4238; baseline -0.001 -19"><span class='ocrx_word' id='word_1_275' title='bbox 337 4171 371 4220; x_wconf 81' lang='lat' dir='ltr'><strong>Ut</strong></span> <span class='ocrx_word' id='word_1_276' title='bbox 386 4173 503 4238; x_wconf 50' lang='lat' dir='ltr'><strong>mutuet</strong></span> <span class='ocrx_word' id='word_1_277' title='bbox 514 4172 576 4238; x_wconf 86' lang='lat' dir='ltr'><strong>sibi)</strong></span> <span class='ocrx_word' id='word_1_278' title='bbox 589 4175 769 4222; x_wconf 70' lang='lat' dir='ltr'><strong>tristitiarum</strong></span> <span class='ocrx_word' id='word_1_279' title='bbox 817 4170 918 4221; x_wconf 85' lang='lat' dir='ltr'><strong>sentiam</strong></span> <span class='ocrx_word' id='word_1_280' title='bbox 936 4171 968 4220; x_wconf 82' lang='lat' dir='ltr'><strong>ab</strong></span> <span class='ocrx_word' id='word_1_281' title='bbox 986 4169 1063 4220; x_wconf 86' lang='lat' dir='ltr'><strong>arnico</strong></span> <span class='ocrx_word' id='word_1_282' title='bbox 1081 4169 1140 4218; x_wconf 86' lang='lat' dir='ltr'><strong>setis</strong></span> <span class='ocrx_word' id='word_1_283' title='bbox 1158 4167 1248 4225; x_wconf 88' lang='lat' dir='ltr'><strong>docuit,</strong></span> <span class='ocrx_word' id='word_1_284' title='bbox 1266 4167 1318 4218; x_wconf 78' lang='lat' dir='ltr'><strong>hec</strong></span> 
     </span>
     <span class='ocr_line' id='line_1_36' title="bbox 366 4241 1319 4312; baseline -0.008 -15"><span class='ocrx_word' id='word_1_285' title='bbox 366 4247 546 4312; x_wconf 64' lang='lat' dir='ltr'><strong>dumdssoret.</strong></span> <span class='ocrx_word' id='word_1_286' title='bbox 817 4261 872 4295; x_wconf 87' lang='lat' dir='ltr'><strong>vero</strong></span> <span class='ocrx_word' id='word_1_287' title='bbox 882 4260 968 4294; x_wconf 80' lang='lat' dir='ltr'><strong>caussa</strong></span> <span class='ocrx_word' id='word_1_288' title='bbox 982 4251 1010 4294; x_wconf 89' lang='lat' dir='ltr'><strong>ut</strong></span> <span class='ocrx_word' id='word_1_289' title='bbox 1024 4259 1073 4293; x_wconf 88' lang='lat' dir='ltr'><strong>nou</strong></span> <span class='ocrx_word' id='word_1_290' title='bbox 1084 4241 1187 4292; x_wconf 85' lang='lat' dir='ltr'><strong>dolenda</strong></span> <span class='ocrx_word' id='word_1_291' title='bbox 1197 4242 1265 4299; x_wconf 82' lang='lat' dir='ltr'><strong>soret,</strong></span> <span class='ocrx_word' id='word_1_292' title='bbox 1276 4256 1319 4306; x_wconf 91' lang='lat' dir='ltr'><strong>op·</strong></span> 
     </span>
     <span class='ocr_line' id='line_1_37' title="bbox 270 4317 1370 4386; baseline 0.001 -18"><span class='ocrx_word' id='word_1_293' title='bbox 270 4317 368 4369; x_wconf 78' lang='lat' dir='ltr'><strong>Utinam</strong></span> <span class='ocrx_word' id='word_1_294' title='bbox 378 4319 446 4377; x_wconf 83' lang='lat' dir='ltr'><strong>milri,</strong></span> <span class='ocrx_word' id='word_1_295' title='bbox 455 4329 542 4386; x_wconf 76' lang='lat' dir='ltr'><strong>poetae,</strong></span> <span class='ocrx_word' id='word_1_296' title='bbox 554 4328 630 4369; x_wconf 81' lang='lat' dir='ltr'><strong>status</strong></span> <span class='ocrx_word' id='word_1_297' title='bbox 643 4319 684 4369; x_wconf 87' lang='lat' dir='ltr'><strong>ille</strong></span> <span class='ocrx_word' id='word_1_298' title='bbox 698 4328 769 4377; x_wconf 68' lang='lat' dir='ltr'><strong>emet,</strong></span> <span class='ocrx_word' id='word_1_299' title='bbox 817 4327 887 4369; x_wconf 81' lang='lat' dir='ltr'><strong>terat.</strong></span> <span class='ocrx_word' id='word_1_300' title='bbox 920 4319 1034 4369; x_wconf 77' lang='lat' dir='ltr'><strong>Hsrtnss.</strong></span> <span class='ocrx_word' id='word_1_301' title='bbox 1365 4324 1370 4332; x_wconf 93' lang='lat'>&#39;</span> 
     </span>
     <span class='ocr_line' id='line_1_38' title="bbox 269 4386 1319 4453; baseline -0.008 -11"><span class='ocrx_word' id='word_1_302' title='bbox 269 4402 297 4442; x_wconf 88' lang='lat' dir='ltr'><strong>ut</strong></span> <span class='ocrx_word' id='word_1_303' title='bbox 303 4393 496 4453; x_wconf 85' lang='lat' dir='ltr'><strong>liceretcausam,</strong></span> <span class='ocrx_word' id='word_1_304' title='bbox 503 4395 601 4445; x_wconf 86' lang='lat' dir='ltr'><strong>minime</strong></span> <span class='ocrx_word' id='word_1_305' title='bbox 608 4393 767 4450; x_wconf 75' lang='lat' dir='ltr'><strong>manifestam,</strong></span> <span class='ocrx_word' id='word_1_306' title='bbox 852 4395 890 4443; x_wconf 81' lang='lat'><strong>15.</strong></span> <span class='ocrx_word' id='word_1_307' title='bbox 909 4393 965 4442; x_wconf 79' lang='lat' dir='ltr'><strong>Fert</strong></span> <span class='ocrx_word' id='word_1_308' title='bbox 982 4403 1065 4449; x_wconf 81' lang='lat' dir='ltr'><strong>tomen,</strong></span> <span class='ocrx_word' id='word_1_309' title='bbox 1076 4389 1134 4452; x_wconf 78' lang='lat' dir='ltr'><strong>dre]</strong></span> <span class='ocrx_word' id='word_1_310' title='bbox 1157 4386 1259 4436; x_wconf 86' lang='lat' dir='ltr'><strong>Virtutis</strong></span> <span class='ocrx_word' id='word_1_311' title='bbox 1274 4394 1319 4444; x_wconf 84' lang='lat' dir='ltr'><strong>est,</strong></span> 
     </span>
     <span class='ocr_line' id='line_1_39' title="bbox 267 4461 1319 4534; baseline -0.005 -20"><span class='ocrx_word' id='word_1_312' title='bbox 267 4466 368 4515; x_wconf 75' lang='lat' dir='ltr'><strong>tristitie</strong></span> <span class='ocrx_word' id='word_1_313' title='bbox 377 4467 454 4517; x_wconf 90' lang='lat' dir='ltr'><strong>silere:</strong></span> <span class='ocrx_word' id='word_1_314' title='bbox 466 4469 590 4534; x_wconf 85' lang='lat' dir='ltr'><strong>sedquurn</strong></span> <span class='ocrx_word' id='word_1_315' title='bbox 600 4468 682 4518; x_wconf 79' lang='lat' dir='ltr'><strong>illusit</strong></span> <span class='ocrx_word' id='word_1_316' title='bbox 691 4468 767 4516; x_wconf 78' lang='lat' dir='ltr'><strong>omni-</strong></span> <span class='ocrx_word' id='word_1_317' title='bbox 818 4475 845 4515; x_wconf 90' lang='lat' dir='ltr'><strong>nt</strong></span> <span class='ocrx_word' id='word_1_318' title='bbox 862 4466 993 4516; x_wconf 78' lang='lat' dir='ltr'><strong>secuudum</strong></span> <span class='ocrx_word' id='word_1_319' title='bbox 1010 4465 1128 4514; x_wconf 79' lang='lat' dir='ltr'><strong>fortunam</strong></span> <span class='ocrx_word' id='word_1_320' title='bbox 1143 4461 1271 4517; x_wconf 80' lang='lat' dir='ltr'><strong>moderate.</strong></span> <span class='ocrx_word' id='word_1_321' title='bbox 1284 4461 1319 4510; x_wconf 86' lang='lat' dir='ltr'><strong>ite</strong></span> 
     </span>
     <span class='ocr_line' id='line_1_40' title="bbox 268 4536 1260 4609; baseline -0.005 -20"><span class='ocrx_word' id='word_1_322' title='bbox 268 4541 315 4590; x_wconf 89' lang='lat' dir='ltr'><strong>bus</strong></span> <span class='ocrx_word' id='word_1_323' title='bbox 324 4539 457 4606; x_wconf 62' lang='lat' dir='ltr'><strong>mquid</strong></span> <span class='ocrx_word' id='word_1_324' title='bbox 463 4557 515 4591; x_wconf 86' lang='lat' dir='ltr'><strong>rurs</strong></span> <span class='ocrx_word' id='word_1_325' title='bbox 525 4543 617 4609; x_wconf 82' lang='lat' dir='ltr'><strong>ejectus</strong></span> <span class='ocrx_word' id='word_1_326' title='bbox 626 4541 768 4591; x_wconf 86' lang='lat' dir='ltr'><strong>inultimam</strong></span> <span class='ocrx_word' id='word_1_327' title='bbox 818 4540 941 4590; x_wconf 82' lang='lat' dir='ltr'><strong>adversam</strong></span> <span class='ocrx_word' id='word_1_328' title='bbox 952 4540 1011 4589; x_wconf 80' lang='lat' dir='ltr'><strong>ferre</strong></span> <span class='ocrx_word' id='word_1_329' title='bbox 1022 4537 1148 4604; x_wconf 83' lang='lat' dir='ltr'><strong>patienter.</strong></span> <span class='ocrx_word' id='word_1_330' title='bbox 1180 4536 1260 4584; x_wconf 78' lang='lat' dir='ltr'><strong>Pour.</strong></span> 
     </span>
     <span class='ocr_line' id='line_1_41' title="bbox 268 4609 1301 4674; baseline -0.005 -11"><span class='ocrx_word' id='word_1_331' title='bbox 268 4615 410 4674; x_wconf 85' lang='lat' dir='ltr'><strong>barbariem,</strong></span> <span class='ocrx_word' id='word_1_332' title='bbox 421 4615 517 4665; x_wconf 85' lang='lat' dir='ltr'><strong>mallem</strong></span> <span class='ocrx_word' id='word_1_333' title='bbox 530 4615 556 4666; x_wconf 89' lang='lat' dir='ltr'><strong>iu</strong></span> <span class='ocrx_word' id='word_1_334' title='bbox 570 4632 598 4665; x_wconf 89' lang='lat' dir='ltr'><strong>eo</strong></span> <span class='ocrx_word' id='word_1_335' title='bbox 616 4624 679 4666; x_wconf 86' lang='lat' dir='ltr'><strong>esset</strong></span> <span class='ocrx_word' id='word_1_336' title='bbox 692 4623 768 4665; x_wconf 82' lang='lat' dir='ltr'><strong>status</strong></span> <span class='ocrx_word' id='word_1_337' title='bbox 852 4615 891 4662; x_wconf 89' lang='grc'><strong>17.</strong></span> <span class='ocrx_word' id='word_1_338' title='bbox 908 4611 1038 4674; x_wconf 77' lang='lat' dir='ltr'><strong>Nrsmiuis.]</strong></span> <span class='ocrx_word' id='word_1_339' title='bbox 1058 4609 1173 4674; x_wconf 76' lang='lat' dir='ltr'><strong>Augusti..</strong></span> <span class='ocrx_word' id='word_1_340' title='bbox 1190 4609 1274 4660; x_wconf 29' lang='lat' dir='ltr'><strong>illisit.</strong></span> <span class='ocrx_word' id='word_1_341' title='bbox 1299 4629 1301 4642; x_wconf 89' lang='grc'><strong><em>·</em></strong></span> 
     </span>
    </p>
   </div>
   <div class='ocr_carea' id='block_1_4' title="bbox 0 0 1813 5967">
    <p class='ocr_par' dir='ltr' id='par_1_15' title="bbox 0 0 1813 5967">
     <span class='ocr_line' id='line_1_42' title="bbox 0 0 1813 5967; baseline 0 0"><span class='ocrx_word' id='word_1_342' title='bbox 0 0 1813 5967; x_wconf 95' lang='lat' dir='ltr'><strong> </strong></span> 
     </span>
    </p>
   </div>
  </div>
 </body>
</html>
