3609 5967
460 764 529 831 lna
753 758 794 823 P.
825 753 989 839 cumn
1012 753 1228 823 NASONIS

462 935 668 1032 Turbaque
685 932 882 1007 doctorum
901 928 1096 1003 Nasonem
1113 928 1230 1016 novit,
1249 941 1289 1005 et
1305 932 1424 1009 audet

514 1050 602 1124 Non
616 1048 795 1124 fastiditis
813 1047 1062 1123 adnumerare
1078 1044 1181 1120 viris.
1445 1052 1515 1122 120

464 1166 617 1242 Corruit
633 1166 715 1240 haec
732 1165 846 1262 igitur
863 1162 988 1237 Musis
1005 1172 1177 1261 accepta,
1196 1164 1269 1236 sub
1286 1186 1376 1250 uuo,

515 1283 594 1358 Sed
611 1306 687 1357 nou
703 1282 856 1378 exiguo,
875 1279 1032 1354 crimine
1050 1280 1159 1377 lapsa
1175 1279 1333 1354 domus:

462 1398 593 1497 Atque
610 1422 656 1473 ea
672 1400 728 1473 sic
744 1399 855 1496 lapsa
870 1407 942 1485 cst,
962 1408 1005 1470 ut
1021 1420 1189 1493 surgere,
1209 1396 1242 1470 si
1259 1395 1372 1471 modo
1388 1394 1469 1470 lassi

515 1512 771 1589 Ematurucrit
788 1512 953 1587 Caesaris
970 1512 1037 1599 ira,
1057 1521 1187 1609 queat.
1505 1520 1509 1527 '

465 1629 587 1729 Cujus
605 1629 643 1702 in
661 1638 798 1703 eventu
816 1650 940 1727 poenae
958 1628 1162 1702 clementia
1178 1636 1285 1702 tanta
1301 1636 1372 1715 est,
1445 1630 1515 1701 125

516 1744 572 1819 Ut
588 1744 701 1817 fuerit
718 1752 845 1817 nostro
863 1741 981 1817 lenior
999 1742 1063 1817 illa
1080 1752 1198 1818 metu.

463 1860 553 1935 Vita
569 1861 659 1933 data
674 1869 746 1946 est,
760 1859 932 1956 citraque
950 1882 1085 1934 necem
1102 1870 1169 1935 tua
1182 1859 1353 1935 constitit
1370 1858 1437 1947 ira,

515 1976 551 2052 O
570 1976 746 2076 princeps
764 1999 878 2075 parce
895 1975 1038 2051 viribus
1055 2001 1123 2051 use
1141 1976 1231 2052 tuis.

465 2092 626 2192 Insuper
643 2092 844 2178 accedunt,
863 2100 903 2165 te
920 2115 997 2166 nou
1011 2092 1215 2179 adimente,
1234 2101 1414 2190 pateruae,

514 2208 713 2306 Tanquam
730 2208 810 2282 vita
825 2232 959 2307 parum
977 2208 1143 2283 muneris
1161 2217 1277 2295 esset,
1296 2231 1403 2307 opes.
1444 2210 1516 2281 130

466 2322 550 2401 Nec
568 2348 654 2400 mea
670 2324 825 2400 decreto
842 2324 1032 2400 damnasti
1049 2324 1150 2399 sacta
1167 2334 1343 2399 senatus:

516 2440 601 2515 Nec
618 2464 706 2517 mea
722 2442 868 2517 selecto·
876 2441 1008 2539 judice
1022 2443 1132 2539 jussa
1148 2439 1238 2537 fuga
1254 2447 1325 2513 est.

465 2554 655 2631 Tristibus
672 2556 845 2631 invectus
862 2557 1001 2645 verbis,
1020 2556 1074 2630 ita
1090 2555 1261 2655 principe
1279 2555 1458 2651 dignum,
1500 2544 1517 2641 J

517 2670 632 2745 Ultus
650 2695 692 2746 es
709 2672 885 2757 offensas,
902 2683 946 2746 ut
962 2672 1088 2759 decet,
1107 2671 1189 2770 ipse
1207 2685 1306 2747 tuas.

464 2785 589 2873 Adde,
606 2788 709 2885 quod
726 2789 906 2877 edictum,
923 2788 1096 2888 quamvis
1113 2788 1278 2864 immane
1295 2787 1514 2884 minaxque,

397 3005 400 3011 Ι
515 2904 697 2979 Attamen
714 2904 753 2977 in
771 2929 893 3004 poenae
911 2906 1063 2982 nominc
1079 2906 1164 2981 leue
1181 2905 1263 2981 suit.
1447 2906 1516 2977 136

467 3016 620 3117 Quippe
638 3021 840 3118 relegatus,
858 3046 935 3097 non
953 3023 1063 3097 exsul
1081 3024 1187 3099 dicor
1204 3022 1242 3096 in
1260 3022 1347 3111 illo;

516 3134 716 3236 Parcaque
732 3136 891 3213 sortunoe
909 3149 999 3213 sunt
1014 3140 1106 3215 data
1118 3140 1234 3215 verba
1250 3162 1360 3213 mem.

501 3334 555 3382 ¹24.
578 3334 760 3401 Eurotam]
787 3336 887 3387 Matura
904 3336 969 3387 tacta
1052 3340 1107 3388 133.
1124 3336 1394 3403 inprincipodignuu]
1415 3334 1520 3402 Dignum

464 3407 666 3463 fucritetlcnita.
682 3410 966 3470 Erculnrnsllalibxii:
1018 3423 1051 3463 aar
1066 3414 1188 3481 pleriqu03
1214 3410 1371 3461 Bmlidirnns
1386 3430 1401 3460 a
1415 3413 1519 3474 principe

498 3480 531 3529 Et
546 3498 617 3545 quum
637 3488 752 3533 maturuit
768 3488 911 3548 suppuratio,
930 3502 967 3536 rc·
1017 3490 1111 3553 diguus.
1157 3488 1220 3537 Puto
1246 3505 1273 3536 nc
1301 3488 1406 3549 principa
1434 3488 1519 3552 dignis.

529 3556 733 3621 windiwrserm
1017 3562 1108 3611 Huius.
1255 3606 1261 3615 .

466 3627 596 3681 vidsGeli.
606 3627 649 3678 lib.
659 3629 782 3695 mpii.
1053 3634 1184 3699 mettim]
1203 3634 1262 3682 ine.
1274 3632 1371 3689 serem,
1386 3630 1519 3682 urinaeibus

500 3705 555 3753 12⁷.
580 3704 690 3768 ciarrqm
707 3702 803 3768 m]
826 3704 896 3756 Citra
916 3706 968 3756 ani·
1018 3725 1042 3757 v.
1053 3708 1084 3758 ad
1100 3708 1185 3773 virgil.
1201 3707 1226 3755 ii.
1245 3706 1319 3755 rain
1336 3704 1521 3756 caraunus

465 3777 654 3828 nudandarum
662 3778 689 3826 in
701 3777 774 3828 vitam
784 3788 810 3829 et
818 3779 932 3831 furtum
1017 3781 1119 3848 poetica
1129 3786 1172 3845 r'tp,
1182 3796 1231 3830 non
1241 3780 1319 3838 video,
1329 3796 1372 3829 cnr
1389 3794 1443 3829 curn
1457 3779 1520 3828 Bur-

499 3853 555 3901 lau.
573 3852 690 3915 Tanquam
706 3856 755 3902 utta
768 3870 852 3917 pann
867 3858 969 3905 musar
1018 3870 1105 3904 manna
1115 3864 1230 3905 mutarem
1241 3852 1298 3903 inu
1309 3862 1351 3903 aut
1361 3863 1401 3903 ut:
1418 3853 1521 3903 illuditis

465 3925 541 3989 mat]
570 3925 665 3976 Laudat
685 3926 787 3978 &auris
806 3928 967 3989 clementiam,
1018 3926 1076 3978 mihi
1087 3930 1244 3993 graviusersc
1255 3928 1357 3978 ridetur.
1380 3928 1503 3978 fluam.

465 3997 567 4048 cuivita
576 3998 664 4049 Ovidiu
680 4016 795 4052 concua
809 4018 910 4068 parvum
927 4004 966 4053 bs·
1052 4005 1107 4053 1³5.
1119 4002 1248 4065 immun]
1268 4001 1378 4069 Proprie:
1389 4003 1522 4051 nunbunm

465 4068 578 4123 aeficium
588 4072 722 4131 videbun,
732 4076 779 4126 nisi
792 4078 864 4127 etiam
875 4076 912 4126 illi
922 4076 968 4127 fcr-
1019 4079 1050 4128 ab
1065 4077 1164 4143 antiqno
1179 4093 1261 4126 munus
1270 4084 1312 4125 ant
1322 4079 1395 4125 maris
1404 4092 1446 4141 pro
1457 4078 1521 4125 buna.

465 4150 775 4199 tummscnnceninet.
1019 4168 1043 4200 v.
1053 4152 1164 4201 Macrob.
1173 4152 1269 4200 Saturu.
1279 4149 1296 4199 i.
1305 4166 1328 4199 c.
1337 4152 1361 4199 8.
1371 4157 1396 4197 et
1406 4148 1520 4198 Vossinm

500 4223 555 4271 182.
566 4222 673 4286 Selom]
686 4223 790 4273 Fuerunt
797 4223 861 4272 enim
868 4233 970 4290 quatuor
1019 4224 1044 4275 in
1055 4226 1190 4295 Etymolog.
1201 4226 1246 4274 sub
1254 4242 1293 4274 vv.
1301 4225 1436 4273 immanet
1446 4240 1530 4272 mna·

466 4295 570 4345 decuria
581 4296 692 4361 judicum
706 4296 792 4363 primo,
802 4297 911 4363 pluribus
920 4298 970 4348 dia-
1019 4299 1056 4347 Er
1065 4298 1103 4347 bis
1111 4298 1333 4356 admirandarum
1342 4296 1521 4347 uenenum-

465 4378 537 4419 creta
553 4370 694 4420 nominibus.
727 4371 839 4438 Namque
854 4372 910 4422 alio
926 4373 968 4422 tri·
1017 4373 1381 4439 mamiutcrprstamentum.
1407 4372 1521 4420 Hirrum.

465 4442 582 4493 bunumrn
590 4444 835 4511 amuliujudicum
862 4446 968 4503 Quidam
1053 4448 1108 4497 137.
1133 4448 1221 4511 Quippe
1240 4446 1377 4513 relegatus]
1400 4446 1520 4509 Relegare

466 4518 587 4581 nungenti,
599 4518 698 4584 quidam
713 4520 798 4571 selecti
807 4520 968 4585 uocabanturj
1018 4528 1063 4578 art,
1073 4521 1099 4571 in
1114 4520 1218 4570 insulam
1230 4520 1345 4586 aliquem,
1356 4520 1395 4570 val
1410 4518 1436 4569 in
1447 4518 1520 4567 alium

465 4588 676 4644 Pirustarum.
1019 4596 1098 4645 locum
1124 4594 1233 4655 mittem
1258 4594 1385 4661 differtque
1411 4592 1521 4646 uxilium
