3609 5967
521 812 755 883 TRISTIUM
779 810 872 879 LIB.
895 810 927 876 Ι.
950 807 1088 879 ELEG.
1111 810 1196 877 Vll.
1258 810 1262 817 ⁴
1323 814 1389 880 1oe

339 990 405 1066 Sic
422 1015 496 1089 ego
512 1013 589 1065 non
606 988 772 1074 meritos,
792 1008 943 1060 mecum
961 984 1140 1083 peritura,
1160 985 1311 1062 libellos

388 1106 556 1205 Imposui
575 1104 730 1204 rapidis,
747 1099 895 1175 viscera
912 1109 1053 1186 nostra,
1072 1099 1195 1196 rogis3
1338 1108 1388 1177 20

338 1222 409 1296 Vel
422 1221 525 1320 quod
543 1243 646 1295 eram
663 1216 811 1304 Musas,
827 1225 870 1289 ut
885 1214 1044 1289 crimina
1060 1226 1202 1303 nostra,
1216 1220 1387 1316 perosus,

387 1336 462 1411 Vel
477 1336 581 1437 quod
599 1335 724 1410 adhuc
738 1356 914 1408 crescens
928 1342 967 1407 et
984 1333 1078 1407 rude
1095 1357 1248 1409 carmen
1265 1346 1360 1411 erat.

338 1450 434 1537 Quae
451 1451 631 1552 quoniam
654 1458 842 1524 nonsunt
864 1449 1016 1548 penitus
1040 1450 1203 1538 sublata,
1228 1446 1297 1525 'sed
1321 1476 1389 1527 ex-

388 1568 568 1643 Pluribus
586 1565 774 1665 exemplis
791 1564 935 1663 scripta
949 1563 1066 1639 fuisse
1083 1588 1187 1655 reor3
1255 1569 1387 1664 [stant

340 1682 378 1759 N
380 1708 455 1759 uno
470 1708 605 1784 precor
619 1694 662 1756 ut
674 1682 812 1768 vivant,
827 1691 868 1755 et
884 1702 960 1755 non
977 1681 1113 1778 ignava
1130 1682 1323 1780 legentum
1341 1690 1390 1759 25

391 1799 483 1873 Otia
496 1800 700 1885 delectent,
720 1797 1026 1893 admoneantque
1043 1798 1130 1871 mei.

341 1912 426 1990 Nec
442 1925 571 1989 tamen
588 1915 652 1988 illa
668 1914 743 2010 legi
760 1923 941 2012 poterunt
957 1913 1148 2012 patienter
1165 1916 1214 1989 ab
1232 1917 1322 2007 ulto,

392 2031 551 2109 Nesciat
566 2030 630 2106 his⁴
643 2054 829 2106 summam
847 2031 880 2104 si
899 2029 987 2127 quis
1005 2031 1140 2107 abesse
1158 2042 1325 2108 manum.

341 2147 521 2223 Ablatum
538 2147 673 2222 mediis
691 2172 789 2247 opus
806 2157 867 2222 est
884 2146 1087 2222 incudibus
1105 2148 1210 2238 illud,

391 2264 523 2340 Defuit
538 2274 579 2341 et
595 2263 746 2364 scriptis
765 2264 900 2339 ultima
916 2264 1008 2338 lima
1024 2264 1132 2339 meis.
1342 2273 1393 2343 30

343 2377 395 2456 Et
408 2382 558 2456 veniam
573 2404 642 2480 pro
659 2381 772 2456 laude
790 2390 903 2478 peto:
932 2379 1108 2454 laudatus
1126 2378 1290 2470 abunde,

315 2493 321 2499 ’
393 2496 482 2572 Non
499 2496 689 2571 fastiditus
707 2498 740 2571 si
761 2496 845 2584 tibi,
863 2496 994 2583 lector,
1014 2520 1090 2571 ero.

345 2609 428 2685 Hos
444 2635 598 2710 quoque
615 2635 685 2686 sex
700 2635 845 2700 versus,
864 2613 905 2695 in
921 2613 1033 2712 primi
1049 2612 1172 2688 fronte
1189 2613 1307 2690 libelli

397 2727 440 2801 Si
456 2727 733 2827 praeponendos
750 2753 836 2803 esse
853 2729 1020 2827 putabis,
1039 2730 1159 2804 habe:

345 2843 453 2919 Orba
468 2842 626 2943 parente
643 2867 714 2919 suo
732 2846 966 2944 quicumque
983 2845 1174 2919 volumina
1189 2846 1327 2943 tangis,
1345 2851 1395 2922 35

396 2957 469 3038 His
487 2959 623 3040 saltem
639 2971 766 3036 vestra
781 2949 894 3043 detur
911 2962 949 3035 in
967 2962 1062 3036 urbe
1081 2962 1207 3052 locus3

344 3073 508 3174 Quoque
526 3076 646 3172 magis
661 3075 800 3163 faveas,
816 3101 891 3151 non
910 3086 999 3150 sunt
1016 3076 1097 3151 haec
1116 3076 1219 3155 edita
1236 3078 1284 3152 ab
1298 3077 1394 3179 ipso,

397 3191 475 3265 Sed
493 3190 604 3290 quasi
621 3191 670 3266 de
687 3191 829 3266 domini
846 3191 978 3267 funere
995 3203 1105 3290 rapta
1120 3193 1201 3268 sui:

347 3305 538 3404 Quicquid
555 3307 593 3379 in
610 3308 669 3382 his
687 3307 802 3405 igitur
817 3307 899 3383 vitii
918 3310 1012 3383 rude
1029 3333 1183 3384 carmen
1200 3310 1368 3400 habebit,

396 3419 688 3509 Emendaturus‚
707 3423 741 3497 si
756 3424 939 3511 licuisset,
959 3449 1075 3503 eram.
1323 3431 1395 3534 *40
1434 3492 1455 3517 ,

379 3605 420 3654 20.
439 3604 634 3670 Vmorem]
652 3607 751 3656 Nostros
760 3606 846 3656 libros:
895 3607 985 3676 scripta
994 3607 1019 3659 iu
1029 3609 1078 3659 otio
1087 3608 1201 3659 carmina.
1234 3609 1348 3661 nunus.

346 3677 416 3743 qussi
432 3693 498 3728 meos
516 3688 606 3745 portus.
637 3680 717 3746 Regis.
733 3681 846 3730 blomne
929 3682 971 3732 29.
981 3683 1067 3732 Mediis
1075 3684 1218 3749 incudibus]
1231 3683 1345 3735 Nondum
1354 3686 1396 3735 ab·
1504 3705 1510 3719 =

347 3751 543 3817 omnisapienti.
896 3755 974 3807 soluto
984 3773 1063 3823 opere.
1090 3758 1162 3807 Man.
1194 3759 1234 3807 Sic
1246 3767 1341 3826 etopus
1352 3759 1398 3809 tli-

391 3825 460 3875 ldem
480 3825 574 3876 minu·
595 3826 676 3878 unctu
695 3827 848 3894 Innphernis
897 3820 962 3887 quod
971 3822 1065 3871 elisum
1073 3821 1184 3872 dicimur.
1465 3850 1470 3869 ι

348 3896 576 3964 epudllerodoluur.
591 3898 724 3966 Antigones
733 3898 847 3966 apndSo-
930 3896 971 3944 83.
988 3894 1019 3944 la
1026 3897 1194 3962 prinasrmrts
1204 3897 1297 3960 libelis]
1316 3897 1398 3948 Scribe

348 3972 467 4039 pbotlem.
896 3971 966 4031 priori
977 3971 1057 4019 libelli.
1089 3969 1174 4035 Inepte
1188 3969 1251 4019 enirn
1266 3971 1397 4021 Metamor-
1498 3985 1503 3992 ·

380 4047 422 4096 ss.
439 4045 587 4111 ragam]
607 4024 667 4096 uie
681 4054 719 4097 ut
734 4045 848 4112 &uigori
898 4042 984 4110 pum
1003 4045 1092 4093 rueram
1115 4053 1236 4103 roceum,
1248 4061 1319 4115 'qun
1337 4045 1396 4111 ipse,

238 4164 244 4175 ,
348 4119 635 4170 emendatioabfleinsio
651 4128 763 4186 receptu
778 4122 850 4168 otium
898 4116 942 4165 lib.
956 4116 983 4166 ii.
1001 4121 1076 4182 παύω
1093 4134 1147 4181 opus
1164 4117 1196 4167 sit
1216 4119 1397 4185 appellaturum

349 4191 413 4243 enim
422 4192 567 4243 vocobulum
575 4201 613 4243 est
621 4191 708 4258 ploos,
716 4193 773 4243 binc
783 4192 851 4243 addit
890 4190 934 4240 ‘tic
944 4190 1016 4247 stibi:
1034 4192 1125 4258 Sango
1135 4190 1255 4242 Fastorum
1265 4195 1352 4255 scripti,
1362 4202 1399 4240 to·

349 4274 422 4330 poeta
436 4284 482 4315 m
492 4268 586 4333 ignum
621 4266 782 4316 omarum
793 4274 849 4316 sunt
899 4268 1011 4330 eidemque
1021 4268 1105 4316 libellos
1114 4284 1123 4326 ,·
1139 4275 1173 4323 st,
1186 4266 1234 4322 Qut
1247 4268 1311 4314 modo
1326 4264 1399 4313 Naro·

350 4337 376 4387 in
393 4338 537 4397 unisonum,
554 4338 597 4405 qui
614 4338 646 4388 td
662 4355 712 4389 rem
729 4339 849 4407 publicam
899 4340 1068 4407 absumuntur
1081 4344 1180 4405 quinquo
1194 4341 1274 4396 libelli,
1293 4337 1348 4386 Tm
1359 4354 1399 4386 ru·

350 4426 400 4461 nou
409 4413 534 4464 &cedunt
566 4413 631 4464 Hinc
641 4414 721 4481 Scipio
730 4413 795 4481 apud
808 4414 850 4465 ei·
899 4414 1045 4464 nne--de
1054 4413 1170 4464 Amorum
1184 4411 1266 4472 libris;
1282 4417 1355 4476 atque
1365 4410 1400 4461 ita

350 4501 461 4537 monem
475 4488 506 4538 dc
518 4487 589 4538 Offic.
602 4488 640 4539 iii.
658 4490 680 4538 l.
696 4488 764 4547 dicit,
777 4488 851 4538 Num·
900 4487 1067 4554 pnnimdibi.
1098 4488 1188 4537 Hrurs.
1238 4515 1240 4518 >

350 4562 536 4625 munim
548 4564 642 4611 οῆαωι
656 4579 786 4627 αμα
798 4579 851 4612 cum
933 4563 973 4612 tt.
991 4563 1160 4624 Orbopormte
1170 4560 1232 4624 mn]
1247 4557 1399 4625 Privatupt·

349 4636 441 4684 νείκεα.
468 4634 534 4684 Edit.
542 4645 590 4686 vet.
599 4636 688 4704 aliique
697 4635 752 4688 libri
762 4636 852 4687 habent
899 4643 944 4694 tre,
954 4645 980 4687 st
995 4644 1090 4687 anctore
1100 4632 1187 4702 operis,
1197 4632 1240 4701 qui
1253 4632 1279 4685 in
1289 4632 1399 4685 exsilium

352 4710 471 4775 W»
487 4719 513 4761 st
532 4709 658 4777 Verpoort.
678 4714 726 4761 otia
746 4710 852 4777 explicat
900 4709 1044 4774 eiectusest.
