3609 5967
405 812 477 877 EX
500 812 662 880 PONTO
687 811 779 879 LIB.
804 809 866 878 IV.
892 808 1040 876 EPIST.
1064 807 1168 873 VIII.
1248 792 1314 872 508

263 984 328 1059 Sic
348 986 488 1075 Chaos,
508 1012 557 1062 ex
574 986 638 1061 illa
655 996 797 1060 naturae
816 986 916 1059 mole
934 982 1080 1087 prioris,

313 1100 513 1197 Digestum
532 1110 659 1201 portes
677 1100 818 1175 scimus
835 1101 977 1176 habere
994 1122 1104 1173 suas:

217 1304 223 1317 .
262 1214 327 1289 Sic
345 1216 578 1292 adfectantes
597 1216 768 1292 coelestia
784 1240 902 1313 regna
920 1214 1119 1312 Gigantas,

310 1331 371 1405 Ad
392 1332 514 1431 Styga
531 1332 728 1407 nimbifero
746 1331 907 1407 vindicis
924 1332 1013 1428 igne
1034 1330 1158 1404 datos.
1262 1330 1312 1399 60

262 1446 327 1521 Sic
344 1448 465 1523 victor
478 1450 629 1523 laudem
647 1448 835 1548 superatis
855 1447 969 1523 Liber
984 1446 1033 1520 ab
1052 1443 1172 1530 Indis,

310 1561 467 1639 Alcides
485 1574 598 1663 capta
615 1564 732 1638 traxit
750 1564 799 1637 ab
814 1561 1001 1647 (Echelia.

261 1676 312 1751 Et
329 1678 454 1765 modo,
471 1678 613 1767 Caesar,
629 1703 751 1765 avum,
763 1702 879 1776 quem
892 1679 1011 1753 virtus
1026 1673 1173 1751 addidit
1185 1670 1310 1759 astris,

313 1792 517 1869 Sacrarunt
534 1794 662 1892 aliqua
678 1794 846 1869 carmina
861 1804 970 1893 parte
988 1803 1109 1867 tuum.

261 1908 303 1981 Si
322 1909 415 2006 quid
433 1910 556 1984 adhuc
574 1910 689 2007 igitur
704 1910 791 1997 vivi,
812 1908 1052 1997 Germanice,
1071 1916 1201 1983 nostro
1260 1906 1310 1979 65

311 2024 448 2098 Restat
465 2026 503 2097 in
520 2024 685 2122 ingenio,
705 2025 843 2100 serviet
860 2050 972 2101 omne
990 2024 1071 2100 tibi.

261 2139 348 2213 Non
366 2150 474 2239 potes
492 2141 656 2214 officium
673 2143 769 2215 vatis
787 2150 1030 2215 contemnere
1047 2148 1175 2214 vates:

308 2253 333 2328 J
335 2256 462 2330 udicio
478 2257 642 2355 pretium
660 2280 720 2331 res
737 2257 853 2332 habet
869 2259 944 2331 ista
960 2267 1038 2330 tuo.

260 2370 373 2456 Quod
391 2374 463 2448 nisi
479 2383 517 2447 te
532 2397 673 2447 numen
691 2376 837 2447 tantum
855 2374 905 2447 ad
923 2374 1066 2470 majora
1081 2374 1267 2451 vocasset,

311 2486 443 2562 Gloria
460 2487 654 2562 Pieridum
672 2512 821 2565 summa
837 2488 986 2563 futurus
1003 2510 1100 2563 eras.
1260 2485 1310 2554 70

261 2603 339 2678 Sed
357 2605 447 2681 dare
463 2606 659 2681 materiam
678 2605 800 2693 nobis,
813 2630 929 2704 qnam
946 2605 1126 2691 carmina,
1144 2601 1289 2698 majus:

312 2721 395 2795 Neo
414 2732 541 2796 tamen
560 2746 610 2796 ex
627 2733 708 2797 toto
726 2723 901 2799 deserere
917 2723 982 2797 illa
999 2731 1122 2822 potes.

223 2861 224 2865 ¹
260 2836 297 2909 N
300 2859 361 2909 arn
371 2838 482 2912 modo
493 2839 593 2912 bella
602 2838 714 2935 geriS,
724 2840 890 2915 numeris
900 2839 1307 2917 modoverbaooerces,

225 2986 229 2993 ·
309 2950 497 3053 Quodque
516 2954 598 3027 aliis
616 2978 711 3054 opus
729 2966 800 3043 est,
820 2956 892 3030 hoc
911 2955 980 3030 tibi
997 2954 1110 3029 ludus
1128 2951 1211 3026 erit.
1257 2948 1305 3020 74

291 3168 594 3234 θὶ.ΑὸίΕσ1ιαὶίιισφεα.]
613 3170 653 3219 Ab
666 3186 759 3237 etpug·
808 3172 832 3221 iu
848 3172 985 3239 predatus
998 3170 1100 3237 judicio·
1127 3170 1174 3219 aa
1188 3170 1242 3217 trra.
1259 3168 1307 3217 Fa-

258 3252 315 3292 nata
324 3242 442 3292 OEchalin.
465 3243 758 3295 FuitautemOEclraliain
808 3247 886 3296 cultas
896 3246 998 3313 poetica.

257 3316 390 3373 Thenalia,
402 3317 515 3375 Arcadia,
528 3319 663 3369 etEuboea.
684 3320 757 3369 Mra.
840 3323 881 3371 69.
904 3322 993 3369 Nomen
1013 3318 1127 3382 tantum]
1145 3317 1225 3366 Tanta
1243 3316 1308 3365 frma

259 3392 350 3439 Atrides
370 3401 445 3454 oopto.
478 3392 605 3450 Hercules,
628 3394 658 3442 ob
681 3393 758 3454 loleu,
807 3394 924 3445 virtutum
940 3404 1052 3444 tuarumz
1068 3391 1107 3451 vel
1124 3405 1212 3441 nomeu
1225 3389 1307 3439 Can·

258 3464 342 3529 Euryti
353 3464 427 3513 filiam
437 3464 482 3513 sibi
496 3474 601 3531 pectem,
613 3482 657 3515 uec
667 3467 758 3525 datam,
807 3468 847 3517 ris.
884 3468 985 3518 Vocosset
1002 3478 1025 3517 te
1040 3469 1081 3516 ud.
1104 3465 1222 3530 Elegisaet
1236 3471 1260 3513 te
1275 3460 1307 3515 td

258 3539 392 3587 universam
412 3538 556 3596 OEehaliam,
578 3540 631 3605 ipso
655 3556 710 3605 rege
733 3540 759 3591 in
808 3541 944 3607 imparium.

258 3613 375 3662 Euboeam
387 3612 501 3677 fugiente,
513 3612 645 3663 debellavit
659 3622 684 3663 et
692 3628 758 3664 ever·
841 3616 882 3664 70.
894 3616 978 3663 Gloria
988 3616 1109 3663 Pieridum
1121 3612 1229 3676 mma]
1246 3612 1306 3661 Em

258 3687 295 3735 tit.
320 3687 399 3757 Pom.
536 3715 540 3723 ·
807 3688 900 3737 iuturus
911 3689 1028 3738 maximus
1038 3696 1117 3753 poeta.

289 3760 331 3808 63.
345 3760 377 3808 Et
392 3759 490 3823 Gema]
509 3760 662 3811 Germanice.
694 3762 759 3821 Quia
840 3762 880 3811 71.
891 3762 936 3811 Sed
954 3766 1011 3811 doro
1024 3764 1145 3811 muriam
1157 3758 1239 3823 nolin]
1255 3758 1305 3809 Sed

257 3842 329 3899 poen
340 3832 404 3898 prim
417 3842 524 3899 coeperat
534 3834 704 3885 Germanicum
715 3836 757 3885 ad-
806 3836 913 3902 prebere
932 3838 1009 3902 poetis
1027 3836 1166 3886 laenitatem
1185 3834 1305 3883 scabendi

256 3905 332 3971 loqui,
345 3916 370 3955 et
385 3904 528 3970 digressione
545 3907 627 3973 aliqua
644 3924 701 3959 mus
718 3910 756 3958 lu·
806 3909 1069 3975 derebmaregestio.
1105 3910 1180 3963 Qum
1192 3912 1305 3959 camino.

256 3989 316 4037 erat,
327 3996 391 4029 nuuc
406 3979 439 4028 ad
455 3980 557 4030 eundern
573 3998 703 4033 sermonem
718 3981 755 4032 di·
805 3984 848 4034 Ett
862 3983 927 4033 euim
939 3983 1034 4049 majoris
1049 3983 1151 4041 honoris,
1160 3998 1234 4049 quam
1246 3983 1306 4035 scri·

256 4055 320 4120 rigit,
342 4054 469 4103 ostendens
488 4070 514 4104 se
534 4071 630 4121 quoque
650 4057 755 4121 Augusti
804 4057 987 4107 berecmmim.

257 4128 341 4178 laudes
354 4129 459 4178 carmine
474 4130 625 4195 complexum
639 4130 719 4188 luisse,
730 4140 755 4181 et
838 4131 1004 4195 72.Eztoro.]
1024 4130 1221 4197 Exomniparte.
1254 4132 1304 4181 Do·
1379 4183 1388 4197 ‚

256 4204 338 4268 aliqua
353 4212 421 4269 parte
439 4218 467 4253 eo
484 4204 555 4254 modo
567 4204 636 4254 illum
653 4205 755 4255 domate
804 4220 877 4253 κατι
893 4206 938 4254 teta
951 4215 1021 4268 pota.
1043 4204 1117 4254 Potes
1133 4204 1178 4252 illa
1194 4204 1303 4253 earmina

256 4276 442 4328 immortalitate.
804 4288 829 4327 et
838 4280 944 4344 poetices
954 4277 1058 4329 studium
1068 4277 1210 4342 relinquere,
1217 4294 1303 4341 quam·

288 4351 331 4401 67.
349 4351 437 4415 ναίει]
449 4351 486 4399 Tu
496 4350 689 4417 quimoptimus
698 4366 755 4417 poe·
804 4352 841 4401 vis
867 4352 899 4403 sit
924 4354 999 4418 major
1022 4351 1175 4417 imperatoria
1197 4351 1303 4416 dignitas

255 4435 289 4483 ta,
306 4424 370 4490 quod
389 4426 459 4475 docet
473 4424 635 4490 Tranquillus,
650 4425 756 4476 scribom
803 4436 874 4493 poeta
884 4426 945 4493 ipso.

255 4516 312 4550 eum
320 4498 444 4564 reliquisse
453 4499 584 4549 comoedias
591 4502 700 4551 Grecm.
836 4502 879 4550 7³.
899 4501 1008 4549 Numerio
1028 4502 1092 4548 modo
1112 4500 1172 4548 tella
1190 4500 1299 4564 eornm]

287 4574 328 4623 68.
338 4572 433 4623 Iudicio
443 4573 505 4637 tata]
523 4571 558 4621 Te
574 4571 609 4621 ita
621 4574 754 4639 judicante.
806 4573 1187 4639 Vartocoermpleriqueveteres3
1196 4582 1302 4625 streete.

256 4648 333 4697 Halm
344 4650 455 4709 pretium.
479 4647 596 4697 Censetur
611 4656 637 4696 et
654 4646 755 4697 habetur
802 4648 941 4713 Aliquando
958 4647 1024 4697 bella
1044 4646 1231 4708 interminanti
1249 4662 1302 4700 ctr-

899 4722 977 4770 th
