3609 5967
408 772 480 839 EX
504 771 666 837 PONTO
690 769 781 836 LlB.
803 768 875 836 ΙΙΙΙ.
896 770 1046 838 EPIST.
1071 768 1134 837 VI.
1233 768 1298 837 2471

246 945 327 1019 Cur
343 957 482 1034 tamen,
499 947 573 1021 boc
592 943 674 1021 aliis
692 954 815 1018 tutum
833 944 1090 1033 credentibus,
1109 969 1219 1033 unus,
1271 948 1296 1019 5

236 1142 243 1147 ,
296 1061 503 1162 Adpellent
520 1087 567 1137 ne
584 1073 623 1137 te
640 1062 808 1136 carmina
824 1071 966 1149 nostra,
986 1062 1122 1157 rogas?

246 1176 398 1261 Quanta
415 1178 465 1252 sit
482 1178 520 1252 in
539 1178 664 1266 media
678 1177 880 1251 clementia
898 1176 1062 1250 Caesaris
1080 1176 1147 1265 ira,

297 1293 357 1365 Ex
375 1318 448 1381 me,
469 1295 500 1367 si
518 1293 656 1382 nescis,
675 1295 811 1369 certior
829 1317 915 1368 esse
932 1305 1054 1393 potes

247 1406 346 1483 Huic
365 1434 448 1507 ego,
466 1434 581 1508 quem
597 1412 733 1509 patior,
749 1412 801 1485 nil
819 1435 972 1509 possem
992 1411 1144 1486 demere
1159 1438 1294 1513 poenae,

297 1524 339 1598 Si
351 1526 475 1624 judex
493 1526 616 1601 meriti
633 1550 789 1623 cogerer
807 1551 892 1601 esse
910 1526 996 1601 mei.
1249 1535 1296 1603 10

246 1640 334 1715 Non
353 1650 454 1715 vetat
471 1642 536 1716 ille
554 1642 612 1715 sui
630 1666 862 1741 quemquam
879 1643 1096 1719 meminisse
1115 1645 1292 1735 sodalis,·'

296 1758 333 1829 N
336 1782 380 1832 ec
398 1759 574 1856 prohibet
590 1760 660 1833 tibi
678 1785 739 1834 me
758 1761 936 1849 scribere,
955 1771 1071 1858 teque
1088 1762 1193 1837 mihi.

245 1872 281 1947 N
285 1897 329 1949 ec
348 1873 472 1949 scelus
490 1872 683 1962 admittas
703 1874 735 1947 ri
752 1876 958 1950 consoleris
976 1876 1153 1963 amicum,

295 1986 477 2063 Mollibus
496 2000 537 2063 et
552 1990 676 2063 verbis
695 2012 831 2088 aspera
847 1990 926 2065 lata
942 1992 1058 2067 leves.
1106 2049 1111 2055 -
1178 2046 1181 2051 -

246 2103 337 2209 Cur,
355 2106 445 2178 dum
464 2114 547 2179 tuta
564 2106 688 2194 times,
707 2105 800 2181 focis
818 2119 861 2181 ut
877 2107 1089 2182 reverentia
1104 2109 1191 2185 tulis
1248 2114 1294 2186 15

295 2219 380 2294 Fiat
397 2220 436 2298 iu
453 2220 648 2317 Augustos
666 2220 850 2296 invidiosa
867 2220 999 2296 Deos?

245 2336 428 2411 Fulminis
446 2336 605 2411 adflatos
623 2337 813 2411 interdurn
830 2339 954 2412 vivere
970 2337 1058 2413 telis

294 2451 479 2541 Vidimus,
498 2462 539 2526 et
556 2451 671 2541 refici,
690 2477 766 2527 non
784 2453 1009 2553 prohibente
1026 2452 1144 2531 Jove:

244 2566 340 2654 Nec,
361 2567 452 2665 quia
469 2566 673 2667 Neptunus
692 2591 825 2642 navem
842 2568 1026 2643 lacerarat
1045 2568 1210 2667 Ulyssis,

293 2682 511 2758 Leucothoe
528 2683 632 2758 nanti
649 2682 746 2758 ferre
763 2684 1057 2782 negavitopem.
1242 2692 1295 2762 20
1359 2727 1362 2738 ·

242 2798 368 2872 Crede
386 2800 490 2887 mibi,
509 2798 656 2873 miseris
673 2799 845 2873 coelestia
861 2800 1018 2873 numina
1033 2811 1206 2899 parcunt,

206 2902 216 2994 ’,
294 2913 377 2989 Nec
395 2938 546 3013 semper
561 2917 672 2988 laesos
691 2926 731 2988 et
748 2915 830 2989 sine
848 2914 924 2988 fine
942 2926 1133 3014 premunt.

242 3029 421 3129 Principe
439 3054 509 3106 nec
527 3041 656 3129 nostro
670 3030 776 3104 Deus
794 3042 855 3105 est
872 3031 1101 3106 moderatior
1116 3032 1240 3109 ullus:

292 3145 314 3218 J
321 3147 449 3221 ustitia
463 3146 562 3220 vires
579 3154 766 3245 temperat
783 3146 847 3220 ille
862 3170 964 3220 suas.

242 3260 375 3360 Nuper
393 3286 478 3338 eam
494 3261 636 3347 Caesar,
655 3260 756 3335 facto
773 3262 822 3335 de
839 3284 1026 3336 marmore
1043 3263 1200 3362 templo,
1239 3269 1290 3339 25

290 3376 314 3449 J
318 3378 527 3477 ampridem
544 3376 672 3477 posuit
688 3378 827 3454 mentis
845 3378 884 3453 in
902 3379 985 3456 aede
1002 3402 1094 3487 suaa

273 3648 297 3694 5.
318 3646 378 3694 Aliis
404 3648 547 3695 credentibus
571 3664 615 3697 erre
639 3649 737 3714 tutum]
789 3644 1291 3699 LatiaidireruntmatrernMatutam.llaec

241 3718 304 3767 Aliis
320 3718 513 3769 existimantibus
527 3737 573 3770 non
590 3738 641 3771 esse
655 3722 740 3771 timen-
789 3722 861 3772 maris
872 3721 918 3771 dea
925 3721 1002 3779 Ulixi,
1012 3720 1125 3769 fluctibus
1131 3719 1231 3784 jactato,
1237 3719 1291 3767 bal·

240 3792 308 3842 dum.
350 3794 408 3842 Hoc.
429 3794 526 3845 Scilicet
547 3811 633 3845 nomeu
653 3811 740 3863 ponere
789 3797 872 3846 theum
881 3794 957 3852 dedit,
968 3811 1016 3860 quo
1029 3793 1074 3843 sibi
1088 3804 1172 3859 pectus
1180 3792 1289 3851 vinciret,

241 3867 300 3915 meir
315 3866 420 3933 seriptis,
790 3888 821 3922 ne
836 3885 933 3936 pessum
951 3870 1043 3918 abiretr
1060 3884 1109 3933 quo
1124 3868 1190 3917 lacto
1204 3876 1288 3918 enau-

272 3942 296 3995 9.
309 3942 353 3989 Nit
361 3956 442 4003 ymsrmr
452 3942 563 4006 demere]
583 3940 648 4001 Quia
660 3942 741 3994 Cesar
790 3944 834 3993 vit.
862 3944 978 3992 liranus.

241 4030 288 4063 nou
298 4014 412 4080 potuisset
423 4032 460 4065 me
472 4016 552 4067 mitius
563 4016 654 4082 punire.
822 4020 862 4067 25.
870 4016 1287 4082 Geronfnetoderramoretemplo]

275 4090 313 4151 lli.
331 4089 386 4141 Fiet
404 4090 536 4154 invidiam]
554 4089 674 4139 Invidiam
692 4088 740 4139 illis
790 4092 829 4143 De
848 4092 893 4141 boc
911 4091 1001 4158 templo
1018 4090 1079 4139 nibil
1094 4089 1152 4153 legi.
1185 4089 1289 4161 Proinde

240 4170 265 4209 et
285 4162 456 4213 detractionem
475 4164 598 4213 conciliet.
631 4164 663 4212 Irr
681 4162 740 4211 Deos
789 4165 929 4222 videndum,
952 4182 984 4215 an
1008 4164 1040 4213 ad
1067 4164 1183 4229 ternplum
1202 4163 1290 4213 Martis

241 4236 362 4300 Angustos.
377 4236 515 4302 Augustum
527 4247 552 4287 ct
567 4238 619 4303 ejus
630 4236 690 4285 filios
700 4232 737 4284 in·
790 4238 880 4289 Ultoris
896 4239 1011 4289 alluserit
1026 4246 1107 4303 poeta,
1122 4236 1187 4301 quod
1203 4237 1234 4284 ab
1250 4237 1289 4286 ul·

241 4309 330 4373 tellige.
790 4312 853 4361 tione
865 4312 942 4361 Cassii
954 4321 978 4361 et
988 4310 1058 4360 Bruti
1072 4308 1218 4375 adpellatum
1232 4309 1287 4359 luit.

272 4385 314 4432 20.
329 4384 382 4441 Ino,
394 4399 449 4432 cum
458 4384 585 4433 Melicerte
598 4384 705 4434 filiosuo
714 4383 740 4433 iu
790 4386 833 4434 Fst
846 4383 910 4435 euim
923 4393 948 4434 et
961 4385 1031 4440 ultio,
1039 4382 1090 4431 sive
1100 4381 1207 4431 vindicta
1216 4382 1288 4447 jurn-

240 4472 306 4506 mare
322 4474 347 4507 se
361 4457 522 4524 precipitare,
538 4475 553 4508 a
568 4460 681 4525 Neptuno
698 4475 739 4507 or·
788 4458 828 4507 tin
839 4473 894 4523 pars
904 4457 1024 4522 quedam.
1049 4456 1153 4504 Mrcrr...

238 4540 309 4597 cepta
320 4530 373 4581 t'uit.
407 4532 520 4581 Bacchus
535 4549 603 4583 suam
613 4532 680 4581 illam
696 4550 739 4582 nu·
822 4533 862 4580 26.
872 4529 1121 4593 duodenariorum]
1137 4529 1167 4578 In
1178 4528 1304 4580 thesauro..

241 4605 324 4661 tricem
346 4607 497 4661 mucorlrerm
513 4608 590 4661 voluit
612 4607 737 4673 adpellari,
788 4600 831 4655 s'ui
845 4606 963 4671 pectoris:
987 4606 1033 4655 boc
1060 4612 1105 4664 eat,
1124 4604 1287 4656 multoante·

461 4716 463 4723 r
885 4680 964 4726 Hal
