3609 5967
519 776 585 841 443
822 770 863 837 P.
886 768 1050 837 OVIDIl
1076 768 1291 838 NASONIS

523 950 557 1022 N
561 974 610 1025 on
624 949 739 1045 igitur
754 948 903 1032 mirum,
922 944 1037 1019 finem
1055 945 1314 1041 quaerentibus
1332 947 1467 1023 horum

570 1065 702 1140 Altera
718 1064 750 1138 si
769 1060 879 1136 nobis
895 1082 1019 1159 usque
1036 1069 1190 1156 rogatur
1206 1061 1356 1135 humus.
1529 1068 1582 1137 30

521 1182 577 1259 Te
594 1181 715 1279 magis
733 1190 793 1255 est
809 1179 948 1253 mirum
965 1200 1041 1251 non
1059 1176 1130 1279 hoe
1149 1176 1335 1264 evincere,
1355 1182 1518 1277 conjux:

529 1309 533 1316 ’
571 1298 695 1397 Inque
712 1298 808 1371 meis
825 1297 1014 1393 lacrymas
1031 1316 1145 1392 posse
1158 1302 1293 1368 tenere
1311 1294 1431 1369 malis.

521 1415 624 1502 Quid
641 1414 771 1501 facias,
790 1411 956 1510 quaerisl
983 1434 1131 1509 quaeras
1149 1411 1220 1484 hoc
1239 1410 1386 1486 scilieet
1403 1410 1551 1510 ipsum;

572 1530 760 1616 Invenies,
779 1551 867 1603 vere
884 1528 916 1601 si
934 1525 1099 1625 reperire
1115 1526 1232 1600 voles.
1247 1578 1250 1583 ·

520 1648 629 1724 Velle
646 1670 779 1747 purum
797 1656 875 1721 est:
904 1644 1049 1744 cupias,
1070 1654 1169 1717 utre
1187 1642 1354 1741 potiaris,
1373 1654 1547 1743 oportet;

572 1762 623 1839 Et
639 1763 754 1838 faciat
771 1786 924 1836 somnos
941 1761 1022 1835 haee
1042 1760 1111 1835 tibi
1129 1784 1221 1833 cura
1238 1762 1384 1835 breves.
1525 1764 1574 1833 36

520 1878 630 1955 Velle
641 1902 725 1954 reor
736 1878 895 1952 multos:
925 1877 1011 1975 quis
1026 1877 1127 1951 enirn
1141 1877 1233 1950 mihi
1247 1886 1325 1950 tam
1340 1877 1390 1951 sit
1404 1876 1572 1975 iniquus

571 1996 693 2095 optet
709 2005 752 2068 ut
767 1992 945 2067 exsilium
962 2014 1203 2091 pacecnrere
1221 1993 1371 2067 meum?

521 2110 683 2186 Pectore
702 2121 740 2184 te
757 2120 850 2196 toto,
869 2108 1094 2205 cunctisque
1112 2107 1331 2182 incumbere
1348 2107 1483 2193 nervis,

571 2224 624 2301 Et
640 2226 709 2299 niti
727 2248 875 2325 prome
892 2234 1004 2299 nocte
1021 2222 1162 2320 dieque
1180 2224 1306 2297 decet.
1521 2228 1572 2294 40

522 2342 653 2441 thue
664 2343 800 2441 jurent
817 2340 892 2428 alii,
912 2351 954 2415 tu
971 2339 1090 2415 debes
1107 2339 1258 2414 vincere
1276 2338 1431 2425 amicos,

573 2457 692 2545 Uxor,
710 2458 815 2533 etad
832 2468 961 2555 partes
980 2457 1102 2556 prima
1119 2458 1247 2533 venire
1265 2464 1362 2531 tuas.

521 2574 665 2671 Magna
683 2574 751 2648 tibi
769 2573 947 2673 imposita
964 2584 1023 2648 est
1040 2574 1178 2648 nostris
1195 2596 1357 2672 persone
1373 2572 1531 2647 libellis:

571 2687 756 2787 Conjugis
770 2689 990 2786 exemplum
1008 2689 1145 2763 diceris
1163 2712 1249 2763 esse
1266 2689 1387 2762 bonae.

520 2802 631 2880 Hane
648 2826 740 2880 cave
754 2804 984 2899 degeneres:
1013 2815 1056 2878 ut
1070 2804 1146 2878 siut
1163 2808 1351 2905 praeconia
1367 2819 1496 2882 nostra
1521 2810 1568 2879 45

569 2920 670 2995 Vera
686 2921 774 3008 lide,
791 2918 901 2994 famoe
916 2943 993 3017 quo
1012 2920 1152 2995 tuearis
1170 2946 1279 3021 opus.

517 3066 734 3135 nummulum
750 3066 876 3124 luerulturu,
891 3076 917 3115 et
938 3066 1017 3117 deser·
1106 3068 1221 3127 Volusius,
1243 3086 1316 3135 quum
1341 3079 1459 3137 optumus.
1483 3079 1507 3119 et
1530 3085 1567 3117 νο-

518 3151 576 3193 tutu.
1070 3142 1101 3191 tis
1116 3141 1253 3209 simpliciter
1275 3144 1440 3209 defungimur:
1458 3148 1567 3207 cunnum.

550 3217 593 3266 33.
610 3216 1022 3279 summusque-umnec
1070 3232 1145 3280 quum
1165 3215 1307 3276 laboremus,
1321 3218 1432 3268 ardenter
1453 3218 1568 3267 velumus.

519 3300 584 3341 tutus
593 3291 653 3355 sut]
671 3291 772 3357 Propter
781 3288 915 3338 latrocinia.
947 3289 1020 3338 Pere-
1071 3288 1183 3340 llsrnus.

408 3399 412 3405 .
516 3364 579 3429 griui
598 3364 739 3422 suumve
758 3362 893 3420 nutritive
914 3371 977 3412 terru
994 3363 1020 3411 iu
1103 3366 1144 3413 36.
1167 3362 1198 3413 Et
1217 3365 1299 3431 sueiut
1325 3384 1409 3417 miuus
1436 3366 1503 3431 ltu]
1537 3365 1568 3415 Et

518 3437 621 3488 Pontum
634 3437 784 3504 perveniunt,
793 3438 825 3486 ab
834 3436 920 3486 ineolis
930 3437 985 3486 teris
996 3446 1021 3487 et
1070 3444 1170 3502 oportet,
1176 3447 1203 3487 ut
1213 3448 1285 3489 uoetu
1294 3438 1403 3505 invigiles
1414 3440 1472 3507 quid
1482 3440 1520 3490 die
1527 3456 1568 3506 pro

517 3512 661 3562 immunibus
670 3510 827 3561 trucidentur.
1070 3510 1256 3562 melueieuduru
1266 3512 1306 3562 sit.

550 3587 591 3636 30.
607 3587 689 3636 Altera
698 3585 802 3649 me]
820 3584 906 3635 Altera
919 3594 1020 3635 terrast
1101 3585 1141 3633 37.
1162 3585 1282 3635 Vellem·
1292 3588 1373 3636 ηιιιὶεω
1383 3588 1444 3651 qul]
1463 3587 1568 3637 Arbitror

517 3660 599 3711 mitius
607 3661 726 3711 exsilium.
1069 3658 1156 3708 multos
1172 3660 1269 3725 quidem
1283 3676 1342 3718 esse.
1354 3661 1405 3727 qui,
1416 3664 1436 3711 si
1450 3662 1568 3711 voluntate

550 3736 591 3785 st.
611 3735 668 3784 Haeo
688 3752 735 3783 m
761 3738 864 3784 sulm
888 3734 932 3798 te]
959 3734 1018 3783 Huc
1069 3742 1173 3799 possent,
1183 3742 1263 3784 autes
1278 3735 1517 3794 solusuffieeret‚ure
1528 3736 1567 3801 ju-

517 3807 591 3864 uuulu,
599 3824 653 3873 qua
660 3808 745 3874 patior,
753 3824 800 3857 nou
809 3809 905 3857 flectere
914 3802 1022 3857 unimum‘
1069 3826 1123 3860 usse
1134 3811 1223 3860 vellent
1230 3828 1239 3871 5
1255 3811 1297 3861 sed
1314 3826 1362 3861 uon
1375 3812 1434 3861 sutis
1444 3822 1480 3862 est
1490 3812 1565 3861 velle:

517 3890 585 3929 tuum
595 3880 627 3930 ud
638 3880 838 3930 misericordium:
856 3891 881 3931 et
890 3882 945 3931 ideo
955 3882 1018 3931 miti·
1070 3898 1151 3934 verum
1172 3894 1264 3950 oportet
1283 3892 1333 3934 toto
1350 3894 1447 3951 pectore
1464 3886 1489 3935 in
1507 3886 1565 3935 lutus

516 3955 826 4020 mmsbimperutorspro
836 3956 967 4005 meexrilii
983 3955 1017 4005 lu·
1070 3972 1120 4006 rem
1139 3966 1163 4007 te
1180 3957 1331 4008 inetnubsre:
1356 3972 1498 4024 omnemque
1512 3974 1565 4025 spe·

517 4026 776 4093 eumpstersdeberes.
1064 4034 1118 4080 'mm
1140 4046 1170 4081 uc
1195 4031 1342 4097 diligentiam
1370 4032 1500 4093 advertere,
1520 4034 1565 4081 tre.

549 4102 591 4151 33.
609 4101 673 4156 Quid
681 4100 882 4167 furiunqwisl
899 4101 1018 4170 Quidpro
1068 4106 1164 4155 Mrnrn.

517 4176 685 4243 ursugeudum
694 4174 880 4240 sitiuterrugus.
1101 4180 1141 4228 33.
1170 4180 1254 4229 Carere
1279 4180 1355 4245 nuce]
1384 4182 1473 4231 Cerere
1496 4180 1566 4229 uuinu

550 4254 591 4303 3⁵.
606 4251 712 4315 capus]
731 4250 787 4299 Nou
797 4250 862 4307 rutis,
872 4249 959 4314 iuquit,
968 4251 1017 4303 lue·
1068 4254 1240 4319 tranquillitate
1258 4268 1288 4303 eu
1304 4254 1342 4303 lrir
1359 4257 1431 4311 euru,
1441 4255 1467 4303 iu
1482 4254 1566 4319 quibus

517 4328 547 4377 rit
564 4327 627 4376 velle
644 4342 687 4391 pro
707 4340 745 4373 ure
762 4324 863 4391 uliquid,
881 4324 927 4373 nisi
946 4323 1017 4373 etism
1068 4326 1261 4377 sdsiduerersor.

517 4399 644 4467 optureris.
678 4400 816 4449 Estuutenu
829 4400 900 4449 ordo:
926 4408 1018 4463 oportet
1101 4401 1142 4449 43.
1160 4400 1248 4465 Magna
1260 4402 1378 4466 putare]
1401 4402 1477 4460 Quui
1494 4400 1565 4457 diest,

517 4475 609 4541 cupies,
620 4484 647 4524 ut
656 4472 753 4541 potieris
768 4474 856 4531 relos
870 4482 915 4531 est,
926 4482 954 4523 ut
967 4488 1017 4523 reru
1035 4492 1037 4500 ·
1068 4489 1182 4539 magnum
1193 4488 1287 4524 nonen.

517 4547 663 4613 adsequeris,
683 4556 709 4600 ut
729 4548 823 4598 scilieet
845 4548 973 4599 trunslerur
993 4548 1017 4597 in
1101 4550 1143 4599 4⁵.
1169 4548 1239 4599 llum
1265 4566 1318 4599 suu
1339 4549 1459 4615 degerim]
1489 4549 1566 4597 Eu'uu

516 4621 599 4673 nultius
608 4622 726 4673 exsilium.
981 4635 987 4645 ·
1068 4624 1155 4677 Bauer.
1176 4638 1231 4675 cum
1252 4624 1388 4674 melioribus
1407 4632 1433 4673 et
1457 4622 1567 4673 lleiusius
