3609 5967
464 736 587 810 xorn*
791 696 1257 807 1».0v11›11'1ns0ms

497 914 521 989 J
524 916 675 1015 uppiter
691 916 729 989 in
747 914 886 990 multos
904 912 1105 989 temerario
1118 912 1276 988 fulmins
1290 923 1455 1012 torquet,

550 1030 625 1117 Qui
643 1056 793 1133 poenem
810 1032 927 1130 culpo
942 1054 1018 1104 non
1035 1053 1206 1105 meruere
1224 1030 1319 1129 pori.
1466 1120 1471 1125 ι

500 1146 679 1223 Obruerit
695 1148 804 1222 saevis
821 1170 943 1246 quum
959 1157 1018 1221 tot
1035 1145 1142 1222 Deus
1155 1146 1319 1243 equoris
1335 1146 1460 1234 undis,

550 1261 610 1337 Ex
627 1263 700 1337 iliis
718 1263 836 1360 mergi
853 1286 943 1361 pars
960 1272 1078 1360 quotu
1093 1262 1211 1359 digna
1225 1261 1325 1335 fuiti
1494 1267 1549 1335 30

497 1378 623 1465 Quum
641 1388 799 1479 pereant
814 1378 896 1452 acie
913 1377 1117 1453 fortissimo
1133 1401 1310 1476 quaeque,
1329 1379 1401 1454 sub
1417 1379 1500 1478 ipso

546 1493 571 1567 J
573 1495 696 1581 udice,
715 1493 887 1569 delectus
907 1491 1045 1567 Martis
1062 1493 1215 1591 iniquos
1232 1493 1316 1567 erit.

497 1610 562 1700 At,
581 1612 613 1684 si
630 1610 726 1685 forte
742 1610 836 1684 velis
854 1609 892 1683 in
910 1633 980 1684 nos
998 1608 1201 1708 inquirere,
1219 1634 1333 1685 nemo
1349 1618 1410 1684 est

547 1724 624 1811 Qui
641 1750 696 1813 se,
715 1724 819 1823 quod
837 1724 991 1823 potitur,
1007 1724 1277 1801 commeruisse
1293 1736 1419 1822 neget.

496 1840 619 1929 Adde,
632 1840 735 1939 quod
746 1840 959 1916 exstinctos
969 1842 1028 1915 vel
1038 1864 1151 1939 aqna,
1162 1841 1222 1915 vei
1236 1840 1441 1929 Martenoi
1453 1840 1546 1939 igni,

548 1956 665 2031 Nulla
681 1967 808 2055 potest
824 1956 962 2032 iterum
979 1956 1190 2031 restituisse
1206 1955 1304 2031 dies.
1494 1961 1545 2031 36

497 2072 684 2149 Restituit
701 2072 851 2159 multos,
871 2081 939 2147 aut
954 2095 1077 2171 poenae
1095 2081 1203 2170 purte
1218 2072 1357 2146 levarit

548 2188 699 2279 Oaesar3
722 2199 772 2275 et,
787 2188 826 2262 in
843 2188 973 2263 multis
989 2212 1051 2262 me
1067 2188 1158 2263 velit
1173 2211 1272 2275 esse,
1292 2212 1436 2287 precor.

496 2306 558 2381 An
575 2317 630 2394 tu,
650 2329 768 2403 quum
785 2306 852 2380 tuli
870 2308 1034 2405 populns
1051 2305 1124 2380 sub
1142 2304 1312 2403 principe
1329 2307 1458 2391 simus,

515 2474 523 2481 -
547 2421 738 2521 Adloquio
755 2419 902 2521 profugi
923 2422 1048 2497 credis
1064 2422 1191 2497 inesse
1204 2423 1379 2497 metum?
1493 2428 1544 2496 40

497 2534 670 2611 Forsitun
687 2536 766 2611 haec
784 2536 939 2611 domino
958 2536 1135 2613 Busiride
1147 2539 1235 2635 jure
1252 2538 1417 2627 timeres,

543 2654 625 2728 Aut
640 2654 753 2727 solito
770 2650 920 2729 clausos
938 2678 1048 2730 urere
1064 2654 1105 2729 in
1122 2678 1198 2728 oere
1214 2653 1327 2727 viros.

497 2768 641 2845 Desine
658 2769 789 2844 mitem
807 2770 975 2845 animum
991 2792 1089 2844 runo
1106 2768 1287 2843 infumare
1303 2767 1457 2843 timore:

548 2885 658 2960 Saeva
675 2884 768 2984 quid
785 2887 824 2960 in
842 2883 1005 2986 placidis
1022 2908 1118 2961 sexo
1132 2884 1273 2961 vereris
1290 2884 1424 2983 aquis?

497 2998 586 3101 Ipse
601 3026 684 3101 ego,
697 3003 800 3100 quod
810 3003 933 3101 primo
943 3001 1078 3102 scripsi
1088 3002 1172 3077 siue
1181 3001 1334 3077 nomine
1343 3000 1464 3088 vobis,
1494 3005 1544 3075 45

545 3116 621 3191 Vix
639 3117 813 3192 excusari
831 3142 946 3217 posse
961 3118 1055 3193 mihi
1070 3118 1212 3193 videor.

497 3234 575 3309 Sed
593 3257 709 3333 pavor
725 3234 895 3311 adtonito
912 3235 1069 3310 rationis
1087 3234 1282 3311 adstiterat
1291 3251 1430 3323 'usum3

545 3350 726 3426 Cesserat
740 3375 854 3427 omne
866 3352 972 3427 novis
989 3352 1266 3451 consiliumque
1283 3351 1406 3425 malis.

494 3462 776 3564 Fortunamque
794 3492 918 3543 meam
935 3478 1121 3555 metuens,
1141 3490 1216 3541 non
1233 3466 1392 3541 vindicis
1410 3466 1515 3554 iram,

544 3580 730 3659 Terrebat
742 3584 853 3659 titulo
872 3585 1034 3663 nominis
1052 3584 1135 3684 ipse
1152 3584 1239 3660 mei.
1480 3586 1544 3657 60

493 3860 566 3910 qum
583 3845 712 3897 edifictrct
726 3849 803 3899 edem
820 3850 915 3907 Romu,
929 3849 993 3899 cole·
1044 3849 1095 3899 111.
1109 3848 1136 3899 ii.
1153 3848 1194 3899 ³9.
1217 3856 1243 3897 et
1264 3846 1417 3897 Burdewiwh
1436 3845 1494 3895 dix,
1510 3846 1544 3895 de

492 3920 535 3968 bnt
553 3918 629 3984 ipsum
650 3922 744 3983 Deum3
760 3922 795 3972 sic
813 3921 944 3973 Cisuditn.
961 3924 994 3973 de
1042 3921 1172 3973 immolati·
1187 3922 1219 3970 ab
1229 3920 1337 3987 AEgypto
1351 3920 1461 3970 Busiride
1475 3936 1542 3985 pere-

493 3991 653 4043 loudeStilic.
663 3994 688 4043 ii.
699 3996 746 4045 30:
1042 3996 1117 4061 grinio
1127 3994 1271 4050 adveniam
1281 3994 1543 4044 dilationum

526 4066 583 4117 Her
595 4066 696 4133 Drupro
706 4072 802 4133 templis,
812 4081 835 4120 et
849 4080 901 4119 tm
914 4072 992 4120 cubn-
1041 4070 1173 4121 dinertttt.
1182 4077 1240 4118 tom.
1249 4068 1285 4119 iii.
1294 4068 1383 4135 perti.
1392 4070 1543 4134 p.121.rqq.

557 4142 684 4199 mortu,
1041 4146 1157 4194 Hunno.

527 4216 559 4265 r·
567 4216 676 4283 putor,
688 4220 804 4283 ponpa
819 4206 872 4268 nat
885 4219 926 4268 rw
938 4234 991 4281 ,m-
1075 4220 1115 4267 n.
1135 4220 1185 4266 Aac
1202 4218 1268 4266 mon
1285 4231 1354 4265 urm
1369 4217 1465 4273 cram,
1481 4216 1541 4280 se]

557 4294 681 4341 merda.
1041 4293 1093 4342 Aut
1113 4291 1209 4342 domiuo
1224 4290 1362 4347 Phalaride,
1378 4289 1421 4355 qui
1437 4290 1464 4339 in
1480 4306 1544 4339 uuo

524 4366 565 4415 ³1.
585 4365 663 4420 Qum
681 4376 775 4430 pereunt
792 4367 848 4415 bollo
858 4366 992 4433 sortium
1041 4373 1109 4414 tauro
1118 4362 1168 4431 igni
1178 4363 1275 4413 subdito
1286 4362 1392 4414 hominu
1401 4364 1511 4413 ueniret.

489 4439 604 4503 poetorc]
623 4441 695 4499 Quod
709 4448 734 4491 et
748 4439 858 4491 Pennus
874 4440 992 4507 depiont,
1073 4441 1115 4489 ⁴9.
1128 4440 1182 4488 Non
1198 4442 1258 4487 ι’τωιι
1274 4439 1394 4502 mide]
1409 4438 1466 4489 Non
1481 4439 1541 4487 uum

491 4513 563 4563 llud
574 4518 604 4563 Ω.
963 4535 966 4542 «
1041 4513 1144 4579 Augusti
1165 4512 1310 4563 vindicanda
1335 4512 1447 4579 injurium
1467 4528 1484 4562 ι
1501 4528 1541 4562 me

525 4588 612 4636 ⁴i.De
622 4594 722 4653 tyranno
732 4588 841 4640 Busiride
849 4608 871 4639 v.
882 4588 993 4640 ndTrirt.
1041 4596 1175 4655 acceptum.
1213 4586 1321 4644 Vindicis,
1346 4590 1468 4650 principis,
1491 4588 1540 4637 C«-
