3609 5967
474 725 517 789 64
766 722 803 787 Ρ.
828 720 988 787 OVIDII
1013 722 1223 791 NASONIS

468 895 589 971 Visite
607 897 826 971 turicremas
843 919 967 970 vaccae
983 895 1256 996 Memphitidos
1274 924 1373 975 aras:

516 1012 638 1087 Visite
656 1012 868 1112 conspicuis
884 1021 992 1085 terna
1009 1012 1157 1085 theatra
1173 1014 1279 1088 locis.

468 1128 696 1227 Spectentur
711 1128 838 1227 tepido
852 1129 1051 1201 maculosae
1069 1128 1251 1223 sanguine
1269 1155 1411 1219 arenae;
1431 1137 1505 1211 395

517 1243 700 1343 Metaque
717 1244 873 1319 ferventi
892 1244 1122 1318 circueunda
1137 1246 1231 1319 roth.

467 1360 701 1447 Quod‘latet,
719 1362 887 1457 ignotum
906 1372 977 1448 est,
996 1360 1114 1455 ignoti
1131 1363 1236 1434 nulla
1251 1362 1402 1460 cupido.

517 1479 676 1551 Fructus
694 1479 814 1563 abest,
833 1476 948 1551 facies
965 1502 1052 1551 cum
1070 1478 1170 1551 bona
1186 1488 1285 1552 teste
1303 1489 1417 1553 caret.

466 1593 523 1667 Tu
541 1594 630 1668 licet
646 1603 686 1666 et
701 1592 916 1690 Thamyran
934 1616 1102 1692 superes,
1118 1603 1158 1666 et
1174 1592 1357 1668 Amoebea
1372 1606 1482 1669 cantu
1491 1622 1500 1683 ;

517 1710 553 1783 N
556 1736 603 1784 on
621 1709 693 1785 erit
708 1709 845 1805 ignotae
863 1710 985 1805 gratia
1000 1733 1137 1803 magna
1154 1710 1256 1807 iyrae.
1428 1714 1503 1783 400

468 1825 509 1899 Si
526 1825 711 1901 Venerem
731 1824 833 1897 Cous
851 1848 1037 1921 nusquam
1055 1824 1245 1922 posuisset
1261 1825 1434 1923 Apelles;

517 1941 646 2017 Mersa
662 1942 732 2015 suh
749 1941 931 2038 aequoreis
948 1942 1013 2015 illa
1029 1943 1164 2015 lateret
1181 1941 1301 2038 aquis.

467 2057 567 2143 Quid
585 2059 725 2157 petitur
742 2058 869 2144 sacris,
888 2058 960 2131 nisi
979 2068 1126 2131 tentum
1143 2057 1253 2143 sarna,
1273 2056 1418 2154 poetis?

517 2172 601 2249 Hoc
618 2186 745 2249 votum
763 2174 881 2248 nostri
899 2198 1046 2248 summa
1062 2172 1200 2247 laboris
1218 2173 1343 2247 habet.

467 2292 570 2364 Cura
588 2289 737 2364 Ducum
754 2290 905 2365 fuerunt
921 2290 1011 2366 oiim
1030 2290 1255 2386 Regumque
1272 2290 1408 2387 pottae:
1428 2290 1502 2359 405

516 2405 752 2503 Praemiaque
770 2407 914 2505 antiqui
932 2430 1069 2503 magna
1085 2408 1205 2481 tulere
1221 2404 1335 2479 chori.

468 2522 685 2619 Sanctaque
702 2525 892 2620 majestas,
911 2533 952 2596 et
968 2533 1048 2597 erat
1064 2521 1275 2596 venerabile
1292 2544 1428 2593 nomeu

516 2637 693 2711 Vatibus:
723 2649 762 2712 et
778 2638 891 2733 largae
909 2661 1011 2735 saepe
1028 2637 1214 2711 dabantur
1230 2660 1336 2733 opes.

466 2750 610 2825 Ennius
628 2752 798 2859 emeruit,
818 2751 990 2825 Calabris
1007 2752 1045 2826 in
1063 2753 1253 2826 montibus
1271 2763 1386 2837 ortus,

515 2867 724 2963 Contiguus
742 2868 842 2966 poni,
863 2868 992 2967 Scipio
1009 2894 1157 2966 magne,
1176 2868 1258 2941 tibi.
1428 2870 1501 2939 410

465 2982 502 3055 N
504 3007 577 3057 unc
592 2982 712 3075 ederae
728 2982 807 3056 sine
821 2983 960 3057 honore
970 2986 1117 3081 jacent:
1138 2994 1369 3084 operataque
1379 2982 1501 3056 doctis

517 3099 618 3173 Cura
633 3099 721 3195 vigil
740 3098 862 3174 Musis
880 3126 1016 3176 nomen
1034 3103 1164 3176 inertis
1182 3102 1308 3175 habet.

499 3443 554 3492 ³96.
571 3443 700 3508 Merope]
719 3442 771 3494 Hoc
785 3454 821 3495 est
832 3444 923 3504 Circus,
933 3447 959 3496 in
1007 3446 1085 3507 οὐδεῖς
1095 3447 1179 3513 λόγος.
1212 3446 1300 3495 Busa.

466 3533 513 3583 quo
533 3518 584 3567 ludi
601 3518 723 3568 Circenses
743 3526 814 3585 atque
832 3520 960 3587 Equestres
1040 3524 1098 3571 405.
1117 3522 1180 3569 Cora
1198 3520 1291 3569 Ducum
1300 3517 1421 3584 swam]
1441 3515 1503 3565 Poir'-

465 3591 561 3641 fiebant.
593 3592 688 3641 Mrorn.
1008 3593 1364 3644 tasolimducibuscurrsfuisse
1372 3590 1503 3641 Pausanias

497 3666 556 3714 399.
582 3664 712 3729 Thamyran
727 3682 816 3729 superes
830 3677 897 3731 otpm
915 3670 958 3717 Or·
1008 3668 1078 3717 docet
1087 3668 1113 3716 in
1123 3667 1211 3716 Atticis
1220 3666 1331 3732 exemplo
1344 3664 1468 3714 Philoxeni
1477 3673 1503 3713 et

462 3740 520 3801 phau
531 3740 621 3803 cantu]
642 3740 673 3787 Et
684 3742 784 3789 Amoehso
795 3740 876 3806 scripti
885 3748 960 3809 potio·
1008 3741 1086 3791 Arati.
1119 3742 1157 3790 Sic
1175 3740 1299 3806 Euripides
1313 3739 1431 3788 Archelao
1447 3740 1502 3787 Ma·

463 3828 565 3862 rescum
581 3813 656 3880 primh
667 3813 780 3863 editione.
815 3815 868 3864 Fuit
879 3826 958 3866 autem
1008 3814 1113 3865 cedonia
1128 3815 1187 3879 regi,
1196 3814 1321 3863 Anacreon
1331 3812 1502 3877 PolycratiSs·

463 3884 596 3936 Amoebeus
623 3888 773 3937 Citharoedus
806 3888 960 3940 Atheniensis
1008 3889 1064 3947 mio,
1083 3886 1222 3945 Simonides,
1240 3886 1366 3943 Pindarus,
1382 3884 1502 3933 Bacchili·

463 3960 545 4025 magni
562 3961 669 4019 numinis,
685 3963 752 4027 cujus
769 3978 798 4011 ει
809 3962 910 4013 Aristera
928 3965 958 4015 de
1007 3966 1050 4014 des
1066 3961 1165 4011 Hieroni
1185 3961 1271 4010 Siciliae
1289 3969 1405 4026 tyranno:
1430 3959 1501 4008 iidem

464 4032 608 4083 Citharoedis
626 4035 684 4083 libro
702 4036 810 4085 meminit
829 4036 959 4087 atheneus
1007 4054 1101 4104 quoqne
1111 4036 1244 4093 Anacreon,
1255 4046 1280 4084 et
1294 4033 1425 4082 Simonides
1440 4033 1500 4099 Hip·

462 4105 508 4157 lib.
519 4106 568 4157 xiv.
579 4107 666 4156 Zenom
677 4118 822 4159 castaneum
831 4109 888 4159 facit
898 4112 957 4160 Plu·
1006 4111 1094 4179 parcho
1105 4109 1221 4159 Pisistrati
1236 4109 1284 4158 filio
1300 4107 1413 4158 carissimi
1429 4106 1502 4156 suere.

463 4181 559 4231 tarchus
585 4184 640 4249 περὶ
664 4187 711 4243 τῆς
740 4183 826 4244 ἠθικῆς
857 4183 957 4250 ἀρετῆς.
1006 4186 1041 4236 At
1051 4186 1111 4235 Cato
1120 4186 1147 4233 in
1156 4184 1270 4233 Oratione
1280 4184 1320 4232 M.
1332 4181 1449 4230 Nobiliori
1458 4182 1500 4229 ob·

462 4256 553 4305 Hsrns.
1003 4261 1067 4326 jicit,
1096 4259 1160 4326 quod
1182 4260 1282 4308 Pniitam
1308 4258 1333 4306 in
1354 4254 1502 4306 Provinciam

494 4330 551 4379 4⁰0.
568 4330 654 4396 Ignota
670 4334 749 4396 gratia
765 4348 847 4397 magno
863 4332 954 4396 Lym]
1007 4332 1121 4390 duxisset,
1141 4334 1183 4399 qui
1211 4332 1314 4382 Ennium
1339 4348 1368 4380 eo
1393 4329 1502 4378 duxerat.

462 4404 559 4455 Adlusit
568 4404 599 4454 ad
610 4404 755 4455 notissimum
761 4406 896 4455 Graecorum
904 4423 957 4472 pro·
1007 4407 1062 4456 side
1077 4406 1155 4456 Cicer.
1171 4406 1214 4455 lib.
1229 4406 1304 4471 primo
1320 4405 1393 4455 Tunc.
1410 4404 1503 4461 Queat.

464 4480 576 4539 verbium,
591 4485 637 4543 τῆς
650 4479 826 4541 λανθανούσης
839 4484 957 4545 μουσικῆς
1006 4468 1130 4546 principio.
1161 4480 1251 4529 Herus.
