3609 5967
496 782 563 850 Μ
793 778 833 844 Ρ.
857 774 1020 844 OVIDll
1045 775 1259 844 Nusoms

497 956 537 1031 ls
548 977 714 1056 quoque,
726 953 792 1052 qui
805 951 937 1050 gracili
949 951 1058 1026 cibus
1068 937 1130 1026 est
1141 952 1181 1024 in
1195 974 1365 1051 corpore,
1379 975 1553 1039 somnus,

548 1072 637 1147 Non
654 1070 722 1145 alit
738 1069 860 1143 officio
877 1092 1016 1167 corpus
1033 1068 1146 1142 inane
1163 1091 1246 1142 suo.

499 1189 578 1264 Sed
593 1187 720 1283 vigilo,
738 1185 973 1282 vigilantque
991 1184 1065 1257 mei
1084 1183 1166 1257 sine
1182 1182 1257 1257 fine
1274 1183 1437 1273 dolores,

548 1302 717 1389 Quorum
736 1300 933 1374 materiam
950 1299 1019 1372 dat
1035 1298 1140 1373 locus
1158 1298 1242 1396 ipse
1256 1301 1359 1374 mihi.
1457 1372 1460 1378 .

497 1420 573 1494 Vix
590 1417 705 1515 igitur
722 1416 846 1515 possis
861 1416 965 1489 visos
983 1438 1188 1512 agnoscere
1205 1416 1352 1505 vultus;
1498 1419 1550 1489 25

548 1534 714 1631 Quoque
731 1532 829 1619 ierit,
847 1551 1009 1629 quaeras,
1029 1531 1095 1629 qui
1113 1530 1186 1604 fuit
1202 1540 1302 1619 ante,
1321 1533 1436 1624 color.

499 1649 645 1725 Parvus
659 1649 698 1722 in
715 1647 836 1722 exiles
855 1670 993 1719 succus
1012 1644 1102 1718 mihi
1121 1647 1292 1744 pervenit
1308 1657 1426 1734 artus,

550 1764 801 1861 Membraque
817 1774 909 1836 sunt
925 1786 1014 1837 cera
1030 1761 1229 1861 pallidiora
1244 1786 1354 1837 nova.

501 1880 588 1956 Non
605 1881 687 1954 hice
706 1878 909 1953 immodico
926 1877 1099 1952 contraxi
1113 1878 1253 1952 damna
1271 1878 1385 1977 Lyaeo
1401 1903 1410 1954 t

447 2055 450 2064 .
551 1996 636 2069 Scis
653 1994 745 2068 milri
761 2017 878 2092 quam
895 1995 986 2067 solae
1004 2017 1113 2091 paene
1131 1993 1309 2068 bibantur
1325 2017 1447 2092 aquae.
1498 2000 1549 2067 30

501 2112 589 2187 Non
602 2111 725 2210 epulis
743 2131 900 2200 oneror;
930 2134 1092 2208 quarum
1110 2110 1142 2183 si
1157 2121 1446 2207 tangaramnre,

551 2226 623 2302 Est
638 2237 767 2302 tamen
783 2226 823 2299 in
840 2226 989 2300 Geticis
1005 2226 1116 2324 copia
1132 2226 1237 2300 nulla
1253 2227 1358 2300 locis.

502 2343 585 2418 Nec
601 2343 699 2418 vires
717 2343 851 2417 adimit
866 2342 1026 2417 Veneris
1044 2343 1228 2417 damnosa
1242 2344 1436 2441 voluptas:

552 2458 640 2533 Non
657 2459 755 2533 solet
770 2458 810 2531 in
824 2469 981 2532 moestos
998 2457 1064 2531 illa
1079 2459 1207 2532 venire
1223 2469 1338 2532 toros.
1499 2463 1547 2530 34

437 2619 440 2624 ·
502 2562 815 2673 Undalocusque
828 2584 988 2661 nocent;
1017 2596 1211 2671 causaque
1224 2571 1547 2658 nocentiorem,

551 2690 738 2765 Anxietas
755 2690 883 2778 animi,
902 2713 989 2787 quae
1005 2689 1100 2763 mihi
1116 2713 1269 2789 semper
1283 2693 1405 2767 adest.

501 2805 611 2880 Hanc
629 2806 701 2879 nisi
718 2817 760 2879 tu
776 2803 918 2904 pariter
935 2804 1048 2878 simili
1064 2827 1153 2880 cum
1170 2806 1284 2883 fratre
1302 2807 1460 2892 levares,

551 2921 628 2996 Vix
645 2945 753 2996 mens
771 2921 933 2996 tristitiae
950 2933 1087 2997 moesta
1103 2922 1253 2999 tulisset
1270 2945 1378 3000 unus.

501 3036 580 3113 Vos
597 3039 690 3112 estis
707 3037 829 3134 fragili
847 3038 961 3112 tellus
979 3040 1163 3118 nondum
1179 3040 1357 3138 phaselo;
1499 3043 1548 3113 39

552 3152 754 3272 Quamque
771 3164 912 3250 negant
928 3155 1050 3242 multi,
1068 3181 1134 3230 vos
1152 3157 1244 3231 mihi
1261 3157 1366 3233 sertis
1383 3179 1507 3255 opem.

531 3431 574 3485 Ἃ.
590 3433 695 3492 Qunam
709 3438 828 3485 murium
841 3434 905 3500 dut]
923 3435 1002 3484 Imus
1051 3437 1153 3487 Metam.
1170 3437 1205 3487 iv.
1226 3440 1280 3489 134.
1296 3455 1380 3503 oraque
1396 3441 1453 3488 bara
1476 3438 1550 3486 Palu-

500 3509 543 3561 nbi
553 3509 680 3561 exsulum
690 3521 767 3576 asper,
774 3519 799 3560 et
808 3509 932 3560 ldenmlhi
942 3523 1000 3577 prm
1051 3513 1117 3560 dnm
1130 3525 1219 3577 prens,
1235 3514 1316 3564 confer
1330 3511 1403 3562 Trist.
1420 3511 1454 3562 iii.
1468 3514 1492 3561 8.
1507 3513 1551 3561 27.

500 3583 679 3636 tamaianam
691 3584 807 3633 dolorum.
1051 3599 1107 3651 sqq.
1140 3587 1253 3636 iliam.

534 3658 575 3708 at.
594 3657 684 3707 Parcus
699 3658 801 3722 merua]
821 3658 934 3708 Modicus
955 3657 1000 3706 hn-
1083 3662 1124 3710 35.
1144 3660 1213 3710 Unda
1225 3661 1328 3726 ἱσαιηιιι
1343 3661 1445 3726 nocent]
1464 3661 1552 3716 Nocet.

502 3731 702 3798 muretmnguis.
1051 3734 1137 3801 inquil,
1149 3746 1306 3802 aqnaetlrer,
1318 3735 1417 3786 valloci
1428 3734 1553 3802 asperitas.

534 3806 644 3856 taem
651 3806 798 3870 pallidiora]
808 3806 844 3855 Ex
853 3805 898 3856 hac
906 3817 1003 3872 compa·
1085 3810 1125 3859 37.
1142 3810 1217 3860 Simili
1229 3812 1376 3877 cumfratre,
1388 3811 1434 3859 &a
1450 3808 1553 3858 Videtur

501 3878 593 3928 radone
607 3878 655 3928 vim
668 3888 693 3929 et
708 3887 851 3946 patestatem
864 3895 919 3929 roc.
931 3879 1002 3942 palli·
1051 3883 1206 3934 isGrecinns
1215 3897 1275 3941 essa,
1287 3884 1382 3934 utinlra
1391 3883 1434 3933 lib.
1444 3881 1553 3946 inlileg.

501 3964 546 4012 dns
560 3957 689 4025 intelliges,
699 3960 742 4026 qui
757 3957 917 4010 coluremiere
933 3961 1004 4011 refert
1051 3958 1085 4008 ix.
1118 3959 1215 4009 mm.

502 4031 629 4085 imbuam
641 4033 796 4099 foliorumque
809 4034 1003 4085 flaccescentium
1085 4034 1125 4083 ³9.
1143 4033 1258 4100 fragili]
1279 4033 1350 4082 Sica
1368 4029 1500 4080 Barbarino
1515 4046 1552 4079 ra-

502 4115 528 4158 et
541 4105 713 4167 uescentium
729 4106 785 4156 vide
800 4106 900 4157 Salmau
915 4108 941 4157 in
954 4107 1003 4158 Ex-
1051 4107 1145 4174 scripsit
1156 4105 1553 4174 Heinsinaplunnusinustmu

502 4181 579 4234 crcitt.
590 4181 694 4232 Plinian.
706 4197 761 4249 pag.
772 4181 829 4239 811,
841 4182 897 4232 812.
914 4181 1003 4232 nbiin·
1053 4181 1178 4249 exemplis.
1213 4180 1335 4231 Phaniam
1351 4187 1431 4231 antem
1451 4179 1553 4237 denne,

502 4265 540 4307 ter
562 4256 610 4306 ulla
632 4255 707 4307 dicit:
735 4256 851 4321 sanguine
875 4255 1002 4307 recedente
1053 4259 1083 4307 da
1093 4256 1160 4307 Anio
1169 4255 1204 4306 ad
1216 4255 1339 4307 Catullum
1352 4255 1453 4321 (Venet.
1465 4253 1554 4316 irat.)

503 4332 598 4383 nativus
605 4333 676 4383 rubor
686 4330 878 4398 ingitetpallnre
888 4339 1003 4381 mutatur.
1052 4350 1108 4399 pag.
1123 4334 1147 4382 8.
1163 4330 1283 4397 ἀφάσσων
1293 4331 1382 4387 velam
1393 4340 1418 4379 et
1432 4327 1504 4377 aare
1515 4341 1552 4377 rc·

503 4403 537 4456 Hi
545 4415 609 4463 sunt,
620 4421 679 4472 qnos
686 4403 778 4473 proprie
785 4407 884 4468 pallidos
893 4404 1003 4455 dicimus.
1052 4407 1125 4473 migu,
1135 4406 1192 4456 hinc
1200 4408 1257 4456 netis
1266 4420 1295 4456 ac
1306 4401 1371 4454 mis
1379 4404 1460 4460 mult,
1471 4412 1497 4452 et
1508 4404 1553 4451 Ca·

503 4479 559 4530 Alio
574 4481 642 4530 mco:
660 4479 770 4530 Pallidus
784 4477 849 4530 color
861 4479 943 4529 nullm
958 4481 1013 4537 ens
1053 4483 1108 4531 rull.
1118 4497 1193 4531 carm.
1203 4482 1226 4529 4.
1235 4480 1266 4530 de
1275 4496 1304 4530 eo
1314 4478 1435 4537 dicrum
1443 4479 1555 4541 plastis

503 4551 931 4606 mdertaffectmonninncolornm
941 4552 1001 4603 diln-
1055 4559 1118 4620 Opia
1128 4556 1196 4623 sorar
1216 4558 1292 4605 noun
1315 4557 1361 4603 sine
1384 4554 1463 4602 ϋηιω.
1503 4551 1554 4600 Alii

503 4626 589 4677 tiorum
603 4643 631 4679 ac
640 4629 828 4695 pallescentium.
850 4629 922 4680 Adde
930 4627 1002 4679 Ouid.
1052 4630 1185 4681 derivante
1198 4625 1325 4679 Phaselide
1334 4628 1393 4677 urbe
1402 4625 1555 4692 Pamphilio,

1371 4811 1390 4840 ν
