3609 5967
463 783 530 848 ltu

754 780 794 845 Ρ.
818 776 981 843 OVIDII
1002 776 1226 845 NASONIS·

466 955 521 1028 Ut
537 976 695 1053 perages
711 951 899 1039 mandata,
919 952 1025 1038 liber,
1043 954 1247 1051 culpabere
1263 953 1402 1040 forsan,
1451 960 1506 1030 35

515 1068 737 1165 Ingeniique
754 1066 874 1141 minor
891 1067 1002 1142 laude
1020 1065 1138 1142 serere
1155 1069 1242 1143 mei.

463 1185 486 1258 J
490 1186 612 1259 udicis
627 1183 789 1258 officium
807 1193 878 1270 est,
898 1192 941 1255 ut
957 1206 1029 1268 res,
1049 1182 1104 1256 ita
1118 1193 1288 1282 tempora
1303 1209 1428 1259 rerum

513 1299 711 1384 Quaerere:
739 1297 899 1396 quaesito
918 1306 1086 1397 tempore
1104 1308 1208 1372 tutus
1226 1300 1312 1373 eris.

465 1416 642 1491 Carmina
659 1413 881 1513 proveniunt
897 1412 1021 1485 animo
1038 1413 1205 1488 deducta
1220 1439 1373 1490 sereno:

514 1531 655 1605 Nubila
671 1538 760 1603 sunt
777 1527 913 1602 subitis
931 1537 1101 1625 tempora
1119 1539 1247 1603 nostra
1264 1530 1383 1605 malis.
1451 1536 1501 1603 40

465 1646 642 1721 Carmina
658 1669 849 1719 secessum
867 1643 1066 1716 scribentis
1083 1655 1124 1717 et
1140 1645 1219 1719 otia
1235 1656 1434 1741 quaerunt:

513 1762 579 1835 Me
596 1785 714 1847 mare,
730 1786 791 1835 me
807 1759 922 1845 venti,
941 1784 1002 1833 me
1019 1757 1097 1834 sera
1109 1762 1231 1857 jactat
1247 1761 1393 1860 hyems.

464 1878 703 1952 Carminibus
720 1887 844 1950 metus
861 1876 982 1950 omnis
1000 1877 1132 1952 abest:
1159 1902 1229 1974 ego
1248 1877 1416 1977 perditus
1434 1901 1502 1950 en-

513 1992 714 2066 Haesurum
726 1992 861 2090 jugulo
872 1994 951 2089 jam
969 2003 1062 2090 puto
1076 1994 1234 2091 jamque
1251 2018 1351 2068 meo.
1401 1994 1498 2088 [sem

464 2107 556 2182 Haec
574 2133 738 2206 qunque,
757 2109 858 2206 quod
878 2109 988 2195 facin,
1002 2110 1124 2206 judex
1143 2111 1336 2184 mirabitur
1353 2132 1499 2208 aequus,

514 2224 738 2322 Scriptaque
756 2247 842 2297 cum
858 2224 969 2297 venia
984 2225 1274 2323 qualiacumque
1291 2224 1405 2321 leget.
1448 2226 1497 2296 46

463 2340 522 2413 Da
539 2339 629 2412 mihi
647 2338 875 2425 Maeoniden,
894 2349 934 2412 et
952 2348 1009 2411 tot
1025 2339 1271 2439 circumspice
1288 2364 1420 2427 casus3

511 2455 710 2561 ingenium
728 2457 842 2530 tantis
860 2455 1013 2530 excidet
1029 2480 1140 2529 omne
1157 2456 1280 2530 malis.

460 2627 588 2676 iufaustum
621 2626 753 2675 videbatur.
779 2644 802 2674 v.
824 2625 914 2674 'libuli
938 2623 956 2672 i.

459 2700 503 2748 El.
512 2702 536 2749 3.
552 2698 673 2749 Menrsius
687 2699 718 2748 ad
731 2699 848 2766 Lycophr·
864 2715 887 2747 ν.
898 2698 958 2747 370.

459 2775 572 2823 lirum.

492 2850 533 2898 ³5.
552 2848 584 2897 Ut
591 2846 706 2911 praga]
725 2848 777 2912 Εςο
786 2856 863 2912 utprc
871 2862 955 2912 quum·

460 2925 496 2973 uis
509 2923 558 2981 hic,
574 2930 601 2972 ut
617 2922 711 2978 millias,
727 2921 810 2987 capio:
827 2920 885 2969 licet
901 2937 955 2986 per·

460 3013 525 3063 agas.
541 3013 595 3063 qua
612 2995 705 3052 mundo,
723 2994 857 3060 culpaberis
875 3004 954 3044 umen

459 3071 526 3128 torte,
541 3079 566 3119 et
577 3070 637 3119 inte
648 3068 769 3134 requirent
781 3068 901 3133 ingenium
911 3068 954 3117 do·

459 3144 517 3193 mini
539 3144 588 3193 tui:
605 3145 731 3192 allatuin
747 3141 821 3191 etiam
839 3157 885 3191 uon
902 3158 954 3191 mu·

460 3229 507 3267 tem
515 3228 598 3267 contra
606 3215 766 3265 omneslibros
773 3234 780 3276 ς
798 3231 852 3263 uam
861 3218 955 3279 placata

459 3308 487 3342 ax
500 3293 651 3356 prioreversu
662 3289 762 3355 irrepsit.
795 3291 883 3338 Banu.

492 3365 532 3412 ³7.
552 3364 582 3411 Ut
597 3363 650 3426 ns]
668 3363 731 3412 Rem
743 3362 783 3412 hic
795 3364 901 3428 appellat
912 3379 954 3413 ue·

374 3468 378 3477 «
459 3437 549 3501 gotium
567 3438 592 3486 in
610 3438 678 3502 cujus
696 3437 825 3502 questione
840 3437 954 3502 quaritur

458 3512 532 3568 lucus,
552 3521 653 3576 tempus,
671 3509 763 3567 modus,
780 3510 880 3559 occasio.
913 3510 953 3559 lte

459 3597 565 3647 tempus.
597 3585 700 3651 Tempus
710 3582 749 3632 hic
760 3592 806 3639 est,
816 3586 952 3649 opportuni-

457 3670 503 3708 tas.
520 3661 589 3707 llus.
621 3656 827 3725 ludicisrffqium.
854 3657 953 3722 Digres-

457 3733 500 3789 sin.
509 3749 556 3798 qus
565 3749 608 3781 sua
616 3731 731 3787 carmine,
740 3747 794 3796 quse
805 3730 871 3779 nulla
878 3733 951 3781 animi

458 3806 628 3870 tranquillitate
640 3805 752 3869 nulloque
762 3804 820 3853 satis
828 3806 953 3856 commodo

457 3881 509 3929 loco
518 3879 666 3944 scriptaesse
674 3879 832 3934 ait,escusat
865 3877 935 3929 Cror.

490 3955 531 4003 ³9.
553 3952 680 4016 Deducta]
702 3952 835 4002 Translatic
853 3969 867 4001 a
885 3953 951 4011 luna,

457 4044 511 4094 qua
520 4026 544 4074 in
556 4024 695 4074 tenuitatem
705 4016 838 4074 deducitur.

489 4102 529 4148 40.
547 4100 653 4160 Tanpcrs
665 4099 762 4161 suestra]
781 4098 851 4155 Quod
864 4108 954 4163 praru-

456 4176 537 4230 limus,
546 4173 633 4222 tristia:
644 4172 678 4222 sic
687 4171 770 4221 Cicero
778 4173 879 4222 multum
886 4189 951 4239 sape

455 4252 501 4301 isto
512 4248 626 4299 vocabulo
635 4247 723 4296 utitur:
740 4246 799 4295 dicit
808 4246 891 4305 etiarn,
905 4249 952 4297 Va·

456 4326 502 4374 lere
517 4323 664 4385 tenporibus5
681 4336 755 4385 quum
771 4336 856 4385 nempe
871 4338 901 4371 ex
915 4324 955 4372 ul·

455 4400 528 4448 terim
538 4395 686 4446 incommodo
695 4411 739 4444 sua
747 4394 802 4460 quis
810 4395 875 4460 capit
884 4413 949 4445 cum-

456 4472 536 4521 moda.
552 4470 747 4519 laturbidusaim
755 4472 951 4533 mimmnpicea

455 4549 557 4608 adparet,
566 4548 622 4608 quid
631 4562 708 4594 rerum
717 4553 813 4609 agutur.

489 4620 530 4667 ta
551 4618 661 4683 Πρω]
685 4618 709 4667 lr.
728 4635 750 4668 e.
773 4627 903 4684 tempestas
924 4620 949 4669 in

1005 2624 1078 2685 ποιεῖς
1098 2625 1154 2675 binc
1173 2626 1295 2690 eleganter
1315 2622 1391 2682 addit,
1403 2627 1499 2685 jacar.-

1005 2697 1123 2750 initiasse
1131 2700 1196 2749 enim
1209 2700 1294 2749 librum
1308 2700 1371 2748 huuc
1385 2697 1498 2764 scriptum

1004 2787 1065 2828 esse,
1074 2774 1124 2839 ipse
1134 2773 1195 2823 iutra
1205 2774 1222 2822 i.
1233 2773 1270 2822 El.
1280 2774 1318 2821 10.
1328 2774 1354 2821 2.
1368 2770 1499 2833 cauitjw·

1005 2849 1052 2895 sart
1064 2863 1119 2896 uero
1129 2851 1201 2897 sustu
1210 2856 1235 2896 et
1246 2850 1316 2896 undis
1330 2854 1394 2895 recte
1409 2855 1437 2895 et
1447 2845 1500 2895 ele·

1003 2934 1089 2983 gauter
1102 2920 1159 2980 dici,
1172 2937 1219 2970 uou
1226 2923 1317 2983 jactari
1334 2921 1410 2975 terris,
1427 2918 1497 2969 dccet

1004 2993 1086 3044 Burm.
1097 2996 1129 3045 sd
1139 2993 1270 3045 Heroidii.
1280 2995 1321 3044 35.
1352 2993 1465 3042 Hsauss.

1035 3069 1076 3117 43.
1088 3071 1177 3134 Abest]
1195 3069 1288 3118 Abesse
1298 3068 1384 3125 debet;
1394 3082 1501 3131 namque

1003 3141 1051 3191 alic
1060 3142 1174 3193 distracta
1183 3157 1240 3192 curs
1254 3141 1350 3190 minime
1362 3139 1405 3188 ills
1414 3139 1497 3203 nequit

1002 3215 1136 3280 expendere
1156 3232 1213 3282 quta
1228 3215 1260 3264 sd
1278 3214 1397 3279 legitimos
1416 3229 1500 3262 sersus

1003 3289 1160 3354 requiruntur.

1036 3362 1138 3427 Erum]
1166 3362 1212 3412 Vel
1241 3362 1272 3410 sb
1298 3358 1401 3409 immicis
1425 3375 1497 3408 essu·

1000 3435 1049 3485 lem
1075 3434 1277 3502 persequentibus,
1297 3435 1336 3483 sel
1360 3432 1496 3497 sSeythis,

1001 3511 1041 3576 qui
1056 3510 1158 3559 maxime
1169 3509 1264 3559 barbari
1277 3518 1367 3558 metum
1378 3507 1497 3573 injiciunt.

1032 3585 1073 3632 47.
1090 3584 1185 3647 Macra]
1212 3584 1236 3633 h.
1254 3600 1276 3632 e.
1298 3583 1436 3637 Humerum,
1453 3580 1495 3645 qui

1000 3658 1072 3708 etism
1094 3659 1205 3707 Messius
1224 3657 1311 3707 dicitur
1335 3657 1373 3705 vel
1393 3672 1410 3705 a
1429 3665 1495 3721 pstse

1000 3735 1104 3790 bisone,
1122 3733 1160 3781 vel
1176 3750 1206 3782 es
1226 3731 1325 3782 eliorum
1341 3730 1460 3780 sententis
1479 3745 1496 3779 s

1000 3805 1207 3871 lllssouia,Lydisr
1218 3805 1321 3871 regione.
1353 3805 1467 3853 Hiatus.

1035 3880 1206 3944 Circumspice]
1224 3879 1336 3928 Heinsius
1344 3876 1495 3927 scribendum

1000 3963 1082 4004 censet
1088 3957 1226 4017 cereusque.
1237 3955 1319 4002 Burm.
1329 3968 1384 4003 vern
1394 3954 1493 4000 cim·-

1000 4031 1092 4092 impios.
1124 4028 1240 4092 Egeram
1253 4028 1277 4076 iu
1292 4010 1408 4076 couseusri
1423 4025 1496 4075 libro-

1000 4121 1053 4153 rum
1066 4103 1125 4152 nihil
1140 4102 1280 4151 mutandum
1296 4101 1408 4161 arbitrum
1424 4115 1494 4149 voca·

1000 4177 1057 4226 bulo
1071 4183 1156 4243 preter
1169 4191 1199 4224 ea
1212 4176 1272 4225 bunc
1288 4183 1398 4240 sptuque.
1430 4173 1493 4222 Con·

999 4249 1078 4299 sidera
1095 4264 1176 4297 omues
1193 4264 1270 4304 casus,
1288 4249 1374 4312 quibus
1389 4246 1499 4310 undique

1000 4323 1126 4393 opprimor,
1137 4323 1260 4380 humulis,
1271 4320 1370 4372 etiarnsi
1381 4320 1434 4385 quis
1443 4321 1495 4387 llo·

1000 4413 1078 4447 merus
1086 4396 1239 4454 emtomnis
1250 4397 1322 4460 vigor,
1329 4393 1442 4443 naturalis
1451 4393 1498 4443 illa

999 4470 1110 4521 carminis
1123 4471 1178 4519 boni
1194 4469 1314 4535 pangendi
1331 4469 1442 4525 facultas,
1454 4485 1496 4517 su·

998 4544 1049 4595 bito
1059 4543 1142 4601 abibit,
1152 4544 1232 4593 effluet
1241 4553 1291 4600 sut,
1302 4551 1329 4591 ut
1336 4550 1408 4607 poeta
1416 4540 1499 4606 grusi-

999 4617 1215 4678 archinneium
1248 4617 1368 4667 usum.
