3609 5967
146 3410 155 3419 .
248 3368 280 3417 rie
301 3368 419 3429 moribus;
436 3368 468 3417 nd
489 3368 532 3437 hos
550 3368 621 3433 igitur
641 3368 750 3434 pervenit

420 774 490 848 ux
515 784 675 849 rouro
701 783 791 849 nra.
817 783 879 850 rv.
904 785 1124 877 arroux.
1232 740 1298 849 sia

244 954 325 1030 Hos
343 980 427 1053 ego,
447 958 513 1056 qui
535 959 665 1056 patriae
684 956 823 1031 saciant
841 958 991 1044 oblivia,
1011 982 1147 1033 succos

293 1071 409 1147 Parte
427 1097 521 1147 rneae
538 1073 637 1161 vitae,
658 1074 690 1147 si
708 1075 820 1147 modo
835 1074 984 1160 dentur,
1004 1097 1141 1148 ernam.

244 1186 281 1259 N
284 1212 327 1263 ec
347 1199 388 1261 tu
406 1189 610 1263 contuleris
629 1189 760 1263 urbem
781 1187 1037 1287 Laestrygonis
1056 1214 1224 1287 unquam

295 1304 496 1392 Gentibus,
517 1306 672 1403 obliqua
691 1329 786 1402 quas
805 1304 888 1377 obit
906 1303 1005 1378 ister
1022 1328 1134 1401 aqua.

245 1418 328 1495 Nec
342 1420 469 1495 vincet
484 1445 627 1495 saevum
647 1422 815 1520 Cyclops
833 1420 981 1495 scritate
999 1420 1196 1519 Phyacen,

295 1535 371 1622 Qui
389 1548 505 1635 quota
521 1538 674 1613 teiroris
692 1562 779 1637 pars
798 1537 894 1613 solet
910 1556 995 1613 es'se
1012 1536 1106 1611 mei!

246 1650 378 1751 Scylla
391 1653 478 1727 seris
493 1666 626 1727 trunco
640 1652 743 1751 quod
759 1653 873 1727 latrat
882 1654 931 1727 ab
943 1652 1096 1750 inguine
1106 1655 1296 1740 monstris,

295 1767 502 1844 Heniochae
521 1770 644 1845 nautis
662 1771 747 1869 plus
764 1794 927 1844 nocuere
945 1781 1057 1844 rates.
1247 1774 1297 1843 26

245 1883 329 1959 Nec
346 1894 455 1983 potes
474 1886 619 1960 infestis
637 1886 806 1960 conferre
825 1886 1048 1985 Charybdin
1064 1876 1229 1971 Achaeis,

295 2000 368 2075 Ter
385 2002 475 2076 licet
492 2012 644 2101 epotum
663 2013 720 2076 ter
737 2011 863 2075 vomat
880 2001 945 2075 illa
961 2001 1113 2077 fretum.

245 2116 319 2201 Qui
339 2140 558 2215 quanquam
575 2118 710 2191 dextra
729 2118 881 2213 regione
898 2118 1074 2191 licentius
1091 2131 1229 2206 errant,

296 2232 480 2306 Securum
498 2235 595 2307 latus
614 2234 684 2307 hoc
704 2257 778 2307 non
797 2244 924 2307 tamen
943 2258 1028 2309 esse
1047 2235 1188 2308 sinunt.
1242 2220 1297 2306 Ι30

246 2344 319 2420 Hic
338 2349 417 2445 agri
436 2348 639 2435 infrondes,
658 2349 719 2421 hie
739 2350 886 2447 spicula
901 2350 1022 2425 tincta
1039 2351 1215 2438 venenis3

296 2462 370 2537 Hic
388 2464 483 2537 freta
499 2466 557 2538 vel
576 2464 693 2563 pediti
711 2464 839 2562 pervia
856 2467 981 2539 reddit
1000 2467 1155 2562 hyems:

1245 1082 1295 1147 20

245 2636 339 2693 pestate
364 2628 471 2678 delatus·
486 2629 516 2677 ad
543 2629 701 2695 Lotophagos,
724 2629 749 2678 in
799 2645 869 2679 cursu
879 2629 969 2679 labenti
979 2645 1021 2695 per
1029 2629 1128 2695 populos
1138 2627 1251 2691 Scythiae.

246 2702 353 2753 Africam
383 2702 469 2768 agitur,
494 2703 569 2753 socios
601 2704 749 2771 exploratum
831 2705 872 2773 23.
896 2705 985 2753 &oum
1007 2701 1138 2765 Pityunta]
1167 2702 1299 2751 Immunem

246 2776 332 2825 mittit:
357 2775 398 2841 qui
419 2785 516 2841 gustata
538 2778 595 2835 loto,
615 2793 659 2827 uec
681 2778 748 2844 quic·
798 2777 957 2843 iliumregern
966 2776 1116 2841 Scytharum.

246 2866 317 2916 quarn
340 2849 481 2908 renuntiare,
502 2866 555 2901 uec
569 2850 645 2900 redire
666 2850 749 2917 cupio·
832 2854 872 2901 24.
891 2852 938 2906 Qui
954 2861 1022 2915 qrwta
1039 2854 1133 2899 terroris
1149 2851 1224 2914 para]
1244 2851 1300 2899 Non

246 2925 321 2973 bantr
350 2924 398 2973 cibi
425 2924 489 2973 enirn
516 2925 634 2975 suavitate
661 2925 749 2982 allecti,
778 2926 831 2983 ‚ed
842 2926 984 2991 Cyclopem,
994 2933 1021 2974 ut
1032 2925 1128 2973 Merula
1141 2925 1247 2989 exponit,
1256 2923 1300 2974 sed

247 3014 342 3048 suorum
353 2998 464 3047 virebant
478 2997 561 3059 obliti;
578 3015 638 3063 quos
653 2999 750 3063 'Ulysses
801 3000 830 3047 ad
849 3016 913 3056 cunr,
933 2998 963 3047 de
984 2997 1121 3063 quomodo
1141 2998 1234 3047 dictum
1254 3008 1299 3054 est,

247 3072 566 3123 invitusadnnresreduxit.
679 3104 684 3113 ι
800 3060 1301 3137 Phyacemreiereudum,quasiriicetpoe·

281 3147 551 3196 anniuersarium
560 3149 636 3195 urbem
649 3147 749 3211 Laertry·
800 3153 833 3202 tn,
844 3144 918 3194 etiarn
933 3146 963 3194 ab
977 3144 1022 3194 hoe
1035 3145 1137 3193 multum
1151 3145 1245 3193 terroris
1255 3144 1300 3194 sibi

246 3222 333 3287 gorra]
353 3223 429 3270 Fuere
449 3222 607 3287 Lestrygoms
624 3221 706 3286 populi
723 3222 748 3270 in
799 3219 879 3285 objici,
900 3228 994 3286 propter
1014 3218 1159 3268 incursiones
1180 3218 1300 3268 videlicet.

250 3302 355 3344 extremo
370 3294 456 3352 Italia,
469 3294 574 3343 Siciliam
591 3311 680 3353 versus,
691 3295 748 3344 effe-
800 3294 896 3343 Mrcrn.

832 3370 941 3418 26-28.
958 3368 1106 3430 Henioche]
1131 3368 1171 3417 Ab
1189 3366 1302 3431 ἡνίοχοις

250 3442 358 3507 UIysm,
372 3442 484 3509 misitque
496 3443 527 3491 ed
537 3442 686 3509 Antiphaten
694 3444 750 3493 Ma·
800 3442 888 3508 aurigis
897 3442 1004 3492 Castoris
1011 3451 1037 3491 et
1043 3442 1149 3491 Pollucis
1158 3440 1212 3499 orti,
1219 3442 1255 3491 uti
1265 3443 1301 3491 sa-

249 3531 345 3565 onreurn
364 3532 419 3566 eunt
440 3516 533 3566 duobus
550 3518 633 3566 sociis:
652 3516 693 3581 qui
710 3508 750 3566 vix

250 3605 305 3638 cum
319 3590 394 3639 altero
410 3590 468 3655 fuga
477 3589 552 3639 vitem
563 3589 673 3641 servavit.
704 3590 750 3639 Ur-

249 3664 456 3729 betLoertrygmm.
474 3664 631 3729 Laenrygonot
637 3664 750 3713 (tombis-

191 3782 195 3787 .
249 3752 308 3797 πως
324 3746 350 3787 et
364 3740 442 3787 arbem
460 3728 570 3787 melio'res
586 3736 708 3803 plerique3
725 3746 753 3785 ut

249 3811 494 3862 Metxiv.ver.2³3.
566 3806 574 3815 ⁸

204 3912 207 3915 -
284 3884 342 3934 lade
354 3886 525 3935 Lumiveteram
542 3886 703 3950 Laestrygonis,
714 3888 751 3933 in-

314 3962 376 4021 quit,
390 3962 506 4008 inurbani

287 4032 402 4082 Venimus.

252 4107 356 4157 Homero
371 4123 467 4173 quoque
480 4123 528 4157 non
543 4105 589 4157 nisi
604 4105 703 4156 unicum
710 4120 753 4170 op·

252 4178 334 4246 pidum
348 4189 385 4230 est
401 4180 489 4246 Odysa
503 4198 527 4228 x.
537 4178 601 4245 qnod
616 4184 686 4227 vocnt
704 4176 754 4227 Λά-

249 4272 298 4318 μου
330 4253 393 4305 αἰπὺ
423 4253 581 4319 πτολίεθρον,
606 4248 755 4313 Τηλέπυλον

254 4328 464 4394 Λαιστρυγονίην.
498 4328 588 4376 Herus.

285 4404 327 4451 22.
353 4402 486 4465 Gazara]
513 4400 611 4467 Popuiis
633 4398 755 4465 Scythiam

251 4483 277 4525 et
297 4490 362 4525 oram
388 4474 512 4524 Ponticam
534 4473 678 4531 tenentibus,
695 4488 755 4537 quos

252 4566 295 4615 per
305 4551 394 4599 Istrum
405 4548 523 4614 designat.
552 4548 650 4611 obliqua
662 4549 754 4596 transit.

255 4624 327 4691 Aqua
336 4622 445 4673 Danubii
457 4640 504 4677 nou
515 4630 589 4679 recto,
600 4622 641 4672 red
652 4622 757 4671 flexuoso

801 3518 858 3567 buia
867 3517 935 3571 dicit,
946 3516 989 3581 qui
998 3516 1116 3566 etAchaei
1131 3525 1214 3581 gentes
1224 3515 1250 3564 in
1260 3533 1301 3570 ora

800 3590 871 3640 Ponti
882 3591 997 3640 immanes
1007 3591 1081 3647 suere,
1089 3600 1113 3639 et
1124 3590 1202 3639 nentis
1208 3599 1301 3640 tanturn

801 3673 897 3721 nocent,
910 3674 1025 3729 qnantum
1036 3663 1118 3729 Scylla
1131 3672 1156 3713 et
1166 3663 1303 3729 Charybdis

801 3736 1063 3804 praeternnriguntibus.
1082 3755 1106 3785 v.
1126 3736 1195 3786 Mein
1217 3738 1235 3785 i.
1261 3739 1302 3787 21.
1330 3770 1333 3776 ‚

802 3812 917 3861 Hiatus.
954 3812 1001 3861 Per
1016 3820 1078 3862 rota
1097 3827 1153 3875 ergo
1174 3811 1304 3861 Heniochus

802 3882 913 3947 designet
930 3892 1003 3949 poeta
1019 3883 1109 3949 piratas
1127 3882 1303 3933 Heniochorum

803 3959 951 4023 populorum,
963 3973 979 4005 a
993 3957 1081 4023 quibus
1092 3974 1119 4005 ee
1134 3957 1233 4007 fortunis
1242 3974 1302 4008 exn·

803 4042 855 4079 turn
865 4030 957 4091 innuit,
975 4039 1017 4079 ant
1031 4039 1127 4096 ceptum
1142 4031 1248 4088 nonme,
1260 4032 1304 4081 sed

803 4104 908 4169 pecunh
922 4104 1080 4170 redemptum,
1098 4106 1220 4154 utstatim
1236 4104 1303 4155 dicc-

805 4194 866 4237 urus.

838 4256 879 4305 29.
897 4254 946 4311 Qui
955 4272 1085 4319 qucnqiram
1094 4248 1181 4303 dextra*
1190 4255 1303 4319 regiona]
1357 4248 1360 4257 '

805 4328 855 4388 Qui
869 4328 965 4386 Achrei,
980 4327 1090 4393 quamvis
1105 4327 1181 4391 magis
1194 4326 1307 4377 infestent

805 4402 916 4453 dextrum
930 4402 988 4451 litus
1004 4400 1097 4450 Pontici
1114 4400 1194 4456 maris,
1206 4416 1253 4449 non
1270 4409 1306 4450 tn·

806 4490 860 4524 men
872 4475 1010 4540 relinquunt
1024 4474 1139 4523 intactam
1152 4489 1217 4521 oram
1226 4474 1306 4524 Tomi·

805 4557 897 4599 tnnnrn.
1119 4557 1120 4560 ’
1243 4548 1246 4557 “

905 4698 951 4744 Lu
