3609 5967
427 752 492 818 124
718 747 757 813 P.
781 743 944 811 OVIDII
966 744 1180 811 NASONIS

424 926 502 1013 Sic,
521 922 593 999 nisi
609 921 738 997 vitaris
755 919 943 1019 quidquid
959 920 1153 995 renovabit
1169 942 1346 1007 amorem,

473 1040 645 1117 Flamma
660 1037 913 1122 redardescet,
933 1059 1018 1133 quae
1035 1036 1147 1109 modo
1165 1036 1269 1110 nulla
1284 1035 1368 1109 iuit.

421 1157 619 1255 Argolides
632 1164 815 1254 cuperent
829 1151 971 1250 fugisse
986 1152 1186 1250 Capherea
1198 1176 1367 1251 puppes3
1391 1156 1464 1226 735

472 1272 615 1370 Teque,
635 1294 765 1357 senex,
783 1270 907 1343 luctus
925 1269 1074 1371 ignibus
1092 1270 1171 1343 ulte
1188 1280 1288 1343 tuos.

420 1387 621 1464 Praeteritb
639 1397 773 1460 cautus
792 1384 949 1459 Niseide
966 1385 1093 1459 navita
1109 1385 1262 1481 gaudet.

471 1505 529 1580 Tu
548 1506 641 1591 loca,
661 1527 746 1602 quae
763 1502 919 1576 nimium
938 1512 1044 1599 grata
1061 1500 1176 1588 luere,
1195 1524 1299 1575 cave.

423 1623 518 1697 Haec
536 1622 604 1699 tibi
622 1620 699 1694 sint
716 1620 850 1720 Syrtes
865 1647 875 1708 ;
905 1619 986 1693 baeo
1005 1618 1280 1692 Acroceraunia
1296 1616 1395 1692 vita:

472 1738 547 1812 Hic
565 1736 681 1811 vomit
697 1746 737 1809 et
754 1744 863 1833 potat
878 1734 961 1809 dira
979 1734 1194 1833 Charybdis
1213 1758 1344 1833 aquas.
1390 1735 1463 1805 740

424 1856 534 1941 Sunt,
553 1876 639 1951 quae
657 1850 895 1949 nonpossint
914 1848 1040 1947 aliquo
1058 1860 1218 1947 cogente
1231 1848 1356 1949 juberi
1371 1880 1380 1943 3

474 1970 586 2068 Soepe
603 1979 730 2042 tamen
747 1990 838 2041 casu
855 1965 956 2040 facta
969 1968 1101 2064 juvare
1118 1967 1254 2040 solent.

422 2086 565 2161 Perdat
582 2108 673 2183 opes
692 2082 873 2171 Pbaedra3
902 2104 1048 2180 parces,
1069 2080 1260 2180 Neptune,
1278 2084 1426 2184 nepoti:

473 2200 509 2275 N
513 2225 556 2275 ec
574 2198 688 2273 faciet
705 2198 859 2296 pavidos
876 2206 1007 2271 taurus
1026 2197 1146 2272 avitus
1165 2222 1296 2296 equos.

424 2316 595 2391 Gnosida
610 2313 764 2389 fecisses
781 2312 953 2412 inopem;
982 2312 1170 2411 sapienter
1188 2325 1364 2390 amasset.
1390 2320 1463 2390 745

474 2431 624 2507 Divitiis
641 2430 754 2504 alitur
770 2427 985 2503 luxuriosus
1003 2452 1118 2503 amor.

425 2543 899 2633 Curnemoest,Hecalen;
917 2544 1021 2619 nulla
1030 2555 1101 2632 est,
1110 2545 1464 2643 quaeceperitlronl

474 2663 623 2761 Nempe
639 2661 742 2761 quod
758 2661 853 2735 alter
868 2682 998 2756 egens,
1017 2661 1135 2735 altera
1151 2684 1293 2761 pauper
1310 2674 1402 2737 erat.

424 2779 460 2855 N
464 2806 514 2855 on
531 2780 658 2866 babet,
670 2779 770 2854 unde
787 2766 897 2853 suum
916 2788 1118 2876 paupertas
1132 2790 1264 2877 pascat
1278 2802 1461 2855 amorem:

473 2898 510 2971 N
513 2923 561 2972 on
578 2908 704 2972 tamen
721 2897 792 2971 hoc
810 2896 905 2971 tanti
922 2904 1003 2984 est;
1032 2919 1176 2994 pauper
1193 2907 1235 2970 ut
1252 2919 1338 2971 esse
1354 2897 1459 2971 velis.

425 3014 476 3087 At
492 3014 560 3087 tibi
578 3014 628 3087 sit
643 3012 750 3098 tanti,
769 3035 846 3085 non
862 3012 1057 3108 indulgere
1074 3012 1250 3101 theatris3
1390 3018 1458 3087 751

476 3130 578 3203 Dum
595 3130 693 3204 bene
708 3128 758 3202 de
772 3152 888 3203 vacuo
907 3139 1060 3228 pectore
1077 3128 1188 3204 cedat
1204 3152 1320 3203 amor.

458 3378 513 3425 735.
531 3376 650 3439 Argolides
663 3377 864 3443 cupersatfugim
875 3378 921 3427 Co·
971 3389 1008 3429 tur
1020 3379 1106 3444 opum]
1125 3378 1230 3435 Taurum
1241 3378 1331 3429 avitum
1342 3378 1409 3436 dicit,
1419 3396 1465 3429 non

422 3452 508 3513 plana
526 3448 632 3513 puppes]
651 3449 730 3498 Docet
745 3466 760 3498 a
774 3450 852 3509 simili,
867 3451 921 3500 loca
970 3456 1002 3504 ab
1019 3469 1063 3503 avo
1073 3454 1169 3511 lbesei,
1179 3454 1221 3503 sed
1236 3454 1268 3503 ab
1283 3470 1328 3504 avo
1343 3453 1468 3519 Hippolyti

425 3541 479 3589 qua·
506 3532 591 3571 nocent
617 3521 716 3581 amanti,
737 3523 835 3574 vitmda
861 3541 922 3574 esse.
970 3526 1091 3594 Neptuno.
1124 3528 1187 3575 Nam
1201 3536 1226 3576 et
1242 3527 1348 3576 'lbeeeus
1362 3527 1467 3593 Neptuni

425 3597 543 3660 Nauplius
557 3613 637 3653 senex,
655 3596 791 3647 Palamedi
804 3607 881 3663 pater,
895 3608 923 3649 ut
971 3600 1033 3652 filius
1050 3603 1103 3660 luit,
1120 3602 1231 3667 idemque
1249 3610 1317 3667 pater
1336 3600 1468 3668 Hippolyti.

424 3672 466 3719 filii
483 3670 574 3737 judicio
592 3670 673 3736 iniquo
693 3671 830 3720 Graecorum
848 3672 920 3722 occisi
970 3676 1048 3725 Vocat
1073 3685 1153 3725 autern
1176 3684 1201 3725 et
1225 3674 1350 3742 Euripides
1377 3679 1467 3742 mopov

423 3762 506 3794 necem
527 3743 684 3800 ulcisceretur,
701 3760 775 3810 quum
795 3744 832 3793 illi
851 3745 921 3812 Troja
969 3750 1147 3817 dypwvstqm
1158 3748 1214 3815 equi
1223 3748 1349 3815 Hippolyti
1357 3759 1468 3816 perterre·

423 3818 549 3868 redeuntes
574 3817 697 3883 naufragio
722 3817 865 3877 laborarent,
890 3836 920 3869 ex
970 3824 1108 3874 laetisunt:
1125 3823 1468 3890 eumquaobimprecationes

424 3892 549 3958 Caphereo
558 3893 654 3941 Euboe
664 3894 820 3958 promontorio
834 3910 920 3945 accen-
970 3914 998 3947 ac
1013 3897 1172 3949 dirusTbesei
1187 3897 1212 3945 in
1226 3897 1311 3955 filium,
1326 3898 1385 3947 mari
1399 3897 1468 3947 emis·

423 3965 459 4015 dit
469 3966 542 4022 taces,
551 3974 575 4014 et
581 3966 673 4030 signum
682 3966 755 4025 dedit,
764 3966 832 4032 quasi
839 3976 921 4034 portus
970 3988 1023 4022 rum
1032 3971 1099 4021 dicit.
1131 3970 1181 4019 Alii
1194 3978 1273 4019 autem
1288 3988 1331 4037 pro
1345 3981 1420 4028 tauro,
1432 3970 1468 4019 vi·

422 4041 473 4091 illic
490 4039 588 4101 luisset3
605 4040 645 4106 qui
662 4041 786 4090 mentes
802 4042 859 4092 illue
877 4057 920 4090 nn·
971 4047 1046 4096 tulum
1067 4045 1191 4104 marinum,
1209 4045 1260 4095 nive
1276 4045 1375 4111 phocam
1393 4044 1469 4093 nomi·

423 4117 532 4183 rigarunt
545 4124 570 4164 et
586 4115 648 4164 inter
662 4116 800 4180 asperrimos
810 4117 921 4182 scopulos
970 4129 1036 4170 nant.
1075 4121 1159 4171 Totam
1180 4120 1286 4170 fabulam
1307 4119 1380 4169 babes
1402 4117 1466 4183 apud

422 4191 489 4241 fracti
501 4200 525 4240 et
535 4189 634 4240 demersi
645 4190 774 4256 perierunt.
807 4190 897 4239 Auum
970 4194 1107 4259 Euripidem
1121 4192 1320 4258 Tragoedia,quia
1335 4190 1469 4241 inscribitur

455 4266 512 4314 737.
525 4264 639 4328 Nesida]
658 4264 724 4312 Cave
735 4279 765 4311 ne
774 4262 819 4311 boc
830 4262 921 4312 dictum
969 4264 1121 4325 Ἱππόλυτος
1132 4268 1315 4332 στεφανοφόρος.
1346 4265 1443 4315 Mrcur..

422 4340 453 4389 de
465 4348 534 4405 portu
545 4339 583 4388 vel
597 4339 639 4387 orb
655 4336 789 4401 Megarensi
806 4335 920 4403 accipias.
1012 4342 1068 4390 747.
1090 4341 1197 4404 Hecale]
1224 4342 1292 4390 Anus
1316 4338 1469 4405 paupercula,

421 4414 525 4479 Scyllam
535 4412 589 4462 Nisi
597 4412 670 4461 tiliam
678 4409 745 4459 innui
754 4409 835 4460 docuit
843 4410 919 4461 Hein·
970 4430 1023 4480 que
1039 4414 1156 4464 'l'heseunr
1175 4415 1296 4481 excepisse
1314 4413 1415 4480 bospitio
1431 4412 1468 4463 di·

421 4488 470 4538 sius
479 4486 510 4535 ad
520 4486 597 4553 Epist.
608 4483 723 4543 isabini,
732 4500 755 4532 v.
766 4486 808 4533 ³³.
970 4486 1040 4540 citur.
1072 4490 1127 4547 Qua
1136 4489 1168 4539 de
1178 4505 1203 4539 re
1213 4490 1289 4555 Apul.

454 4560 510 4611 tlt.
527 4561 576 4609 Nee
583 4560 661 4624 societ
674 4561 766 4623 pusidos
776 4568 859 4607 tuurut
870 4561 921 4607 aoi-
