3609 5967
464 763 532 832 alt
756 763 796 829 Ρ.
820 759 984 832 ovlull
1007 763 1221 832 NASONIS

465 938 762 1037 Parce,preoor;
784 937 1056 1036 minimumque
1065 949 1131 1012 tuo
1139 939 1190 1014 de
1200 937 1356 1016 fulmine
1368 955 1514 1042 partem

516 1055 660 1129 Deme:
688 1053 782 1128 satis
799 1077 934 1152 poenae,
953 1054 1057 1153 quod
1074 1056 1279 1154 superabit,
1299 1059 1382 1134 erit.

464 1170 527 1246 Ira
543 1170 698 1269 quidem
716 1170 911 1244 moderata
928 1179 995 1242 tue
1012 1178 1083 1256 est,
1101 1169 1297 1270 vitamque
1315 1174 1475 1266 dedisti3

514 1286 551 1360 N
554 1311 598 1360 ee
616 1287 708 1360 mihi
721 1289 786 1385 jus
803 1285 909 1372 civis,
929 1309 998 1360 nee
1015 1286 1109 1359 mihi
1126 1311 1265 1363 nomen
1282 1291 1411 1365 abest:
1462 1297 1510 1366 56

464 1402 549 1478 Nec
566 1427 652 1478 mea
668 1426 852 1477 concessa
866 1412 928 1476 est
945 1402 1027 1476 aliis
1045 1401 1217 1494 fortuna;
1247 1429 1317 1481 nee
1336 1408 1446 1482 exsul

513 1517 641 1593 Edicti
657 1519 782 1594 verbis
798 1518 972 1593 nominor
989 1519 1071 1618 ipse
1089 1518 1159 1593 tui.

464 1635 680 1734 Omniaque
697 1637 781 1712 hoec
798 1635 919 1722 timui,
936 1635 1027 1733 quin
1040 1659 1101 1710 me
1115 1636 1299 1712 meruisse
1312 1637 1506 1714 videbam:

514 1751 591 1826 Sed
610 1762 677 1826 tna
692 1763 852 1852 peceato
869 1751 990 1826 lenior
1007 1752 1064 1825 ira
1079 1774 1164 1825 meo
1182 1763 1253 1826 est.
1460 1760 1508 1829 60

461 1867 563 1942 Arva
579 1867 786 1964 relegatum
801 1868 950 1966 jussisti
967 1868 1089 1942 visere
1107 1867 1235 1956 Ponti,

512 1983 565 2057 Et
583 1983 806 2083 Scythicum
823 1984 983 2084 profuga
1002 1984 1144 2060 findere
1161 2008 1290 2084 puppe
1306 1984 1457 2061 fretum.

461 2097 486 2173 J
488 2124 612 2187 ussus,
629 2100 680 2174 ad
698 2099 839 2174 Euxini
856 2099 1041 2174 deformia
1057 2099 1167 2174 litora
1182 2100 1268 2174 veni

512 2214 711 2314 AEquoris:
740 2217 823 2290 haec
842 2215 969 2314 gelido
987 2227 1087 2292 terra
1104 2218 1176 2292 sub
1194 2241 1267 2292 axe
1280 2219 1395 2316 jacet.

462 2330 545 2406 Nee
563 2343 720 2406 metam
738 2335 884 2408 cruciet
900 2359 1096 2433 nunquam
1115 2335 1195 2408 sine
1209 2333 1345 2432 frigore
1359 2336 1507 2421 coelum,

512 2448 713 2547 Glebaque
729 2451 880 2525 canenti
898 2475 1048 2550 semper
1066 2452 1203 2526 obusta
1220 2450 1320 2547 gelu,
1459 2455 1506 2526 66

462 2562 680 2662 Nesciaque
698 2579 758 2641 est
773 2567 876 2641 vocis
894 2568 998 2665 quod
1016 2567 1178 2642 barbara
1194 2567 1325 2664 lingua
1341 2562 1496 2655 Latine,

511 2680 705 2780 Graiaque
722 2685 825 2781 quod
843 2684 981 2759 Getico
998 2685 1098 2759 victa
1115 2685 1269 2783 loquela
1286 2708 1392 2770 sono,

461 2793 586 2880 Quam
597 2799 700 2897 quod
707 2799 866 2875 finitimo
877 2799 1025 2875 cinctus
1036 2823 1186 2900 premor
1193 2799 1361 2897 undique
1371 2797 1505 2886 Marte,

511 2912 665 3012 Vixque
681 2915 805 2990 brevis
822 2926 948 2990 tutum
965 2939 1094 2990 murus
1113 2917 1161 2990 ab
1178 2916 1287 2989 hoste
1305 2912 1406 2988 facit.
1460 2919 1507 2988 70

461 3026 546 3103 Pax
563 3040 691 3104 temen
708 3031 910 3117 interdum,
928 3031 1036 3130 pacis
1054 3031 1194 3105 fiducia
1209 3053 1403 3128 nunquam
1420 3041 1497 3104 est:

512 3144 577 3220 Sic
595 3171 695 3220 nune
712 3147 774 3221 hic
792 3149 945 3247 patitur,
965 3172 1065 3222 nune
1083 3148 1192 3224 timet
1208 3170 1324 3235 erma,
1344 3148 1461 3221 loeus,

458 3440 503 3490 tibi
519 3441 667 3508 promissum.
698 3444 747 3494 Pro
765 3457 844 3509 poeto,
860 3445 886 3495 in
903 3447 957 3512 qni·
1008 3455 1076 3496 terre
1091 3443 1216 3495 inducent.
1250 3444 1343 3502 Olunta,
1357 3440 1413 3508 quia
1425 3451 1450 3492 et
1465 3440 1507 3491 lti-

457 3515 559 3566 bmdnm
567 3527 653 3579 porto:
669 3525 908 3584 utrnmqnereotum.
1008 3517 1235 3584 gutureredieitur.

490 3590 567 3655 Atqui
579 3601 648 3655 pocta
661 3593 787 3642 sublimius
797 3595 855 3644 mihi
867 3595 958 3645 dietum
1041 3595 1081 3642 68.
1093 3593 1210 3657 Gro'urqne
1221 3595 1278 3656 quod
1291 3591 1392 3654 Getico]
1409 3591 1507 3655 Propter

459 3663 561 3722 videtur,
572 3679 644 3731 qutun
653 3675 732 3728 portu.
763 3667 876 3717 Hennes.
1009 3665 1238 3716 oolonoeonoie
1253 3681 1281 3715 eo
1297 3665 1422 3715 deductot.
1441 3663 1506 3712 Victo

489 3740 531 3789 tt.
548 3740 615 3794 Quod
624 3741 759 3805 aperuit]
783 3741 906 3804 Superum,
918 3757 958 3791 nu·
1009 3743 1166 3805 loquelam
1186 3751 1226 3790 est.
1266 3741 1380 3789 Meliore·
1400 3737 1506 3804 plerique

457 3827 560 3878 ptrue,
570 3821 666 3863 'estm-
1000 3819 1089 3879 juncto
1095 3834 1104 3873 ,-
1122 3814 1162 3863 elii
1179 3813 1285 3863 nonnulli
1296 3829 1351 3863 oum
1362 3812 1446 3880 princi·
1455 3812 1506 3860 edi-

489 3887 531 3936 67.
548 3887 598 3935 Nec
611 3904 661 3936 meo
674 3905 776 3938 eonem
789 3897 823 3938 ert
836 3889 890 3937 auu
898 3887 957 3953 for·
1009 3888 1112 3938 tionibus
1124 3893 1200 3937 misto.
1228 3884 1507 3936 Noueremleotiouem

457 3961 538 4024 tune]
557 3962 611 4010 Nec
626 3961 685 4010 mihi
702 3961 807 4013 lortunm
819 3977 885 4012 mm
901 3960 958 4011 ede·
1009 3961 1173 4012 exhibuimun:
1191 3961 1226 4010 uie
1237 3961 1298 4010 intn
1309 3961 1347 4010 El.
1358 3961 1399 4010 vii.
1410 3962 1456 4010 dl:
1510 3997 1515 4008 .

457 4034 501 4084 mit
519 4035 656 4100 Angmtm5
680 4035 745 4102 quod
765 4037 888 4088 exsulibus
908 4035 958 4085 fieri
1042 4035 1073 4085 ln
1091 4039 1172 4098 paucis
1192 4045 1280 4084 amnt
1304 4037 1389 4086 Gmeae
1411 4035 1506 4100 autigie

457 4108 558 4158 solebet.
1106 4112 1200 4176 lingua,

489 4184 532 4233 63.
549 4182 690 4248 Deforme]
709 4181 877 4249 [improprie
887 4182 959 4232 meria
1074 4183 1130 4234 Haee
1144 4201 1230 4248 quoque
1243 4186 1297 4247 jam
1314 4183 1394 4232 Getico
1410 4183 1507 4232 borbore

455 4266 509 4317 οη
526 4259 579 4325 ripa
592 4257 705 4307 fluminio.
738 4256 862 4305 Interdum
873 4256 955 4322 adpel-
1096 4259 1238 4324 suentem.
1382 4257 1473 4306 Herus.

455 4331 519 4382 latur
527 4332 593 4389 litua,
603 4331 667 4397 quod
674 4331 746 4396 juxte
757 4345 844 4394 equem
855 4339 900 4378 eat.
1039 4333 1080 4381 70.
1098 4331 1178 4382 Brevis
1184 4331 1285 4394 munia]
1303 4330 1335 4380 ld
1346 4339 1390 4388 eat,
1401 4329 1507 4386 humilio,

489 4407 530 4455 64.
552 4407 635 4457 Gelido
654 4407 695 4456 rub
715 4403 778 4468 m]
803 4402 956 4469 Septentrio·
1007 4421 1055 4455 non
1065 4405 1313 4472 eltu1,daeupoirepov.
1345 4405 1425 4454 Poxr.

456 4480 514 4529 nali.
1040 4482 1080 4530 ⁷1.
1098 4481 1264 4546 Paeiafiducja
1278 4479 1419 4543 nunquam]
1437 4479 1507 4528 Nun-

487 4554 528 4601 66.
546 4554 645 4603 coam
653 4552 729 4619 gotie]
746 4550 865 4604 canentia
872 4549 959 4614 trigon
1007 4570 1080 4621 quem
1090 4565 1156 4606 certa
1166 4563 1203 4608 eat
1214 4570 1271 4620 pu.

456 4625 514 4676 diti
526 4625 667 4692 edpellavit,
682 4625 745 4693 quod
759 4626 829 4694 qumi
842 4625 954 4678 undem
1117 4657 1120 4664 ·
