3609 5967
508 778 574 845 410
802 774 840 841 P.
864 772 1027 841 0v1n11
1051 768 1262 837 NASONIS

504 954 589 1038 Quo
606 950 726 1048 magis
744 948 917 1034 admiror,
937 972 1025 1035 non,
1044 958 1087 1021 ut
1105 947 1333 1021 torrentibus
1351 947 1476 1031 undio,

554 1066 775 1143 Communis
793 1064 872 1138 vitii
890 1076 929 1139 te
947 1088 1099 1162 quoque
1117 1062 1204 1137 labe
1222 1062 1331 1136 trahi.

505 1184 681 1281 Diligitur
697 1206 819 1267 nemo,
839 1182 910 1253 nisi
929 1178 990 1253 cui
1008 1178 1156 1252 fortuna
1173 1178 1342 1253 secunda
1359 1189 1437 1252 est:

554 1300 648 1386 Quoe
665 1299 777 1373 simui
794 1296 968 1383 intonuit,
987 1295 1159 1393 proxima
1174 1318 1338 1393 quaeque
1355 1293 1471 1391 sugat.

505 1416 564 1491 En
581 1442 664 1513 ego,
683 1438 759 1488 non
776 1412 907 1512 paucis
926 1411 1116 1509 quondam
1134 1410 1300 1485 munitus
1318 1410 1460 1497 amicis,
1496 1414 1545 1483 25

556 1531 657 1605 Dum
674 1530 777 1603 flavit
792 1529 887 1602 veiis
905 1552 995 1602 aura
1011 1526 1179 1603 secunda
1195 1527 1310 1616 meis;

507 1647 562 1721 Ut
577 1647 656 1722 fera
672 1645 845 1719 nimboso
862 1654 1081 1719 tumuerunt
1098 1668 1252 1742 aequora
1267 1652 1391 1730 vento,

556 1764 601 1835 In
618 1762 752 1837 mediis
770 1762 894 1836 lacere
910 1784 1039 1859 puppe
1056 1760 1246 1858 relinquor
1262 1760 1384 1857 aquis.

504 1877 709 1976 Quumque
726 1877 788 1951 alii
805 1878 925 1951 nolint
941 1876 1055 1951 etiam
1072 1902 1134 1951 me
1148 1902 1263 1953 nosse
1279 1878 1408 1964 videri,

554 1994 630 2067 vix
646 1994 722 2068 duo
739 1996 908 2093 projecto
924 2004 1047 2067 tresve
1064 1994 1204 2068 tulistis
1222 2018 1346 2093 opem.
1497 1996 1547 2063 30

505 2110 673 2196 Quorum
697 2120 739 2183 tu
766 2110 963 2209 princepe:
993 2134 1062 2185 nec
1090 2112 1189 2186 enirn
1213 2134 1341 2185 eomes
1362 2133 1460 2193 esse,
1479 2106 1546 2180 sed

654 2236 797 2312 auctor,

555 2342 592 2415 N
593 2365 638 2415 ee
656 2351 784 2442 petere
802 2342 1032 2441 exemplum,
1052 2342 1120 2417 sod
1137 2343 1227 2418 dore
1243 2343 1378 2439 dignus
1395 2364 1491 2416 eras.
1561 2368 1564 2373 ·

504 2458 571 2545 Te,
591 2459 683 2532 nihil
698 2482 750 2533 ex
766 2469 864 2548 aeto,
883 2459 956 2532 nisi
973 2483 1048 2533 non
1066 2484 1258 2559 peccasse,
1277 2458 1470 2544 ferentem,

556 2575 700 2675 Sponte
718 2598 787 2649 soa
804 2574 972 2674 probitas
988 2576 1227 2675 officiumque
1240 2578 1385 2675 juvant.

504 2692 642 2767 Judice
658 2703 697 2767 te
714 2693 890 2767 mercede
902 2704 1018 2783 earet,
1031 2717 1098 2793 per
1108 2716 1230 2791 seque
1245 2692 1410 2792 petenda
1421 2700 1480 2766 est
1496 2694 1544 2763 35

555 2808 734 2885 Externis
750 2809 867 2884 virtus
886 2811 1106 2886 incomitata
1121 2810 1241 2885 bonis.

504 2924 631 3025 Turpe
647 2939 760 3025 putas
777 2928 892 3025 abigi,
912 2928 1003 3027 quia
1019 2929 1069 3002 sit
1087 2926 1332 3013 miserandus,
1350 2924 1526 3007 amicum,

548 3042 737 3143 Quodque
753 3045 804 3118 sit
820 3045 963 3133 infelix,
981 3046 1154 3121 desinere
1172 3068 1256 3119 esse
1272 3054 1392 3117 tuum.

505 3158 638 3233 Mitius
655 3170 716 3234 est
732 3162 832 3235 lasso
849 3160 1010 3258 digitum
1026 3161 1238 3261 subponere
1256 3169 1395 3244 mento,

554 3274 728 3375 Mergere
746 3300 860 3375 quam
877 3278 1030 3375 liquidis
1048 3302 1114 3353 ora
1130 3278 1295 3351 natantis
1312 3274 1432 3373 aquis.
1496 3275 1545 3343 40

502 3499 577 3547 tuere,
584 3488 629 3538 boe
639 3498 684 3548 eet,
691 3490 722 3539 ad
732 3492 931 3543 meretricendum
940 3508 1001 3561 pre·
1050 3504 1077 3545 ut
1087 3502 1151 3543 recte
1162 3491 1252 3549 seceris,
1263 3506 1340 3557 neque
1353 3487 1456 3539 odicium
1466 3487 1544 3536 deser-

504 3564 568 3613 bert·
1051 3568 1112 3617 neris
1120 3568 1219 3631 probitas
1228 3576 1249 3613 et
1260 3564 1359 3629 ffeium
1369 3560 1395 3611 h.
1406 3576 1430 3611 e.
1439 3562 1512 3612 virtu
1520 3570 1547 3611 et

534 3640 575 3687 22.
592 3638 749 3688 FrniBevar.
760 3638 803 3687 red
813 3639 882 3687 nihili
888 3648 937 3689 eet:
948 3656 1000 3707 pro·
1050 3640 1110 3689 fides
1127 3656 1183 3707 erga
1200 3640 1301 3689 amicum
1317 3637 1400 3687 officiis
1418 3648 1443 3687 et
1459 3636 1547 3686 auxilio

502 3710 641 3777 prieautem
649 3714 698 3761 iube
708 3714 779 3761 trebi.
789 3712 861 3765 hun
868 3713 943 3771 beet,
954 3714 1001 3763 rui-
1051 3714 1155 3779 prestito
1163 3715 1391 3777 declaratejuueat,
1402 3712 1453 3761 eive
1468 3710 1547 3761 delec-

503 3800 542 3840 ιιι,
555 3785 589 3836 uti
605 3785 691 3851 nepus
707 3787 810 3835 occurrit
826 3788 889 3853 apud
907 3788 1001 3839 Cicero·
1051 3796 1112 3845 taut,
1124 3788 1254 3854 diliguntur
1272 3804 1288 3837 a
1304 3797 1422 3850 tepente
1436 3802 1480 3835 eae
1495 3784 1547 3834 eine

481 3885 483 3888 ·
502 3873 565 3906 uem.
575 3875 599 3907 v.
608 3859 704 3910 Ernest-
715 3861 784 3911 Clau.
794 3860 874 3911 Cicer,
884 3863 930 3911 rub
941 3861 964 3911 b.
976 3880 999 3913 v.
1051 3862 1160 3913 mercede
1171 3873 1213 3913 eut
1222 3880 1264 3929 epe
1274 3862 1391 3913 utilitatis.
1422 3865 1484 3921 Que
1498 3861 1555 3909 bec·-

501 3930 593 3995 proprie
607 3940 645 3980 eet
655 3932 760 3981 violenta
771 3934 881 3997 quedam
892 3936 960 3985 ruina
970 3953 999 3987 ex
1050 3936 1084 3985 tio
1102 3946 1137 3987 eet
1155 3937 1180 3987 iu
1198 3947 1276 3995 textu,
1293 3954 1323 3987 eu
1340 3936 1494 4005 proficiscitur
1514 3936 1547 3983 ab

501 4019 616 4069 equarum
632 4004 723 4063 illuvie,
738 4016 780 4055 eut
799 4017 939 4073 tempestate
959 4020 1000 4059 aut
1049 4011 1215 4062 emendatione
1231 4012 1312 4061 Burm-
1329 4012 1371 4077 qui
1385 4011 1437 4059 loeo
1452 4027 1478 4059 er
1494 4019 1548 4058 aeto

501 4089 570 4128 terro
580 4078 647 4129 biatu
656 4088 759 4128 motuve.
782 4080 845 4131 Vide
853 4081 927 4133 etiarn
938 4084 999 4135 Gee-
1050 4084 1122 4135 etiarn
1134 4085 1227 4135 Heineii
1244 4086 1373 4151 conjector.
1387 4103 1400 4134 e
1412 4086 1479 4150 sueto
1496 4099 1548 4133 non

502 4152 664 4205 ΜΛΝ..
672 4153 702 4201 L.
712 4154 860 4205 Transfertur
870 4156 999 4211 deindead
1049 4157 1155 4217 damnat,
1179 4160 1256 4209 etita
1277 4160 1454 4226 iuterpretatur:
1489 4158 1548 4207 Nou

502 4240 586 4275 mores.
619 4227 732 4276 Hennes.
1049 4232 1120 4283 eiiam
1138 4234 1271 4285 mercedem
1289 4252 1320 4285 en
1337 4235 1401 4284 tacto
1416 4232 1484 4301 petis,
1502 4233 1548 4283 nisi

534 4302 575 4351 33.
592 4303 670 4350 Locus
685 4301 725 4351 bic
741 4302 800 4351 mire
816 4303 912 4354 vexavit
928 4306 998 4356 inter·
1049 4308 1311 4365 conscientiarium
1321 4316 1549 4375 peeeeaee,antnon

502 4383 588 4439 pretet.
621 4377 773 4441 Verpootten,
794 4394 867 4443 quem
892 4379 948 4429 vide
975 4382 1000 4431 in
1049 4379 1151 4432 defuisse
1166 4382 1327 4449 officio,quod
1343 4383 1419 4433 ennon
1433 4384 1549 4433 debebas.

502 4448 649 4513 praemiosa,
658 4450 693 4499 ite
709 4451 773 4502 bunc
788 4451 867 4501 locum
883 4453 943 4504 bene
959 4471 999 4505 er·
1048 4454 1148 4520 Singula
1159 4458 1252 4509 uberius
1262 4460 1351 4525 probat.
1385 4460 1500 4509 Hsaese.

503 4521 585 4586 ptieat.
617 4529 633 4550 “
647 4523 686 4581 Te,
704 4525 746 4590 qui
762 4526 822 4575 nitu
837 4530 895 4589 potis
916 4546 941 4577 er
963 4544 998 4587 eo,
1081 4532 1122 4580 39.
1139 4532 1207 4582 Lucro
1222 4534 1245 4582 b.
1256 4550 1278 4583 e.
1289 4534 1377 4584 homini
1394 4534 1510 4599 naufrago
1524 4544 1550 4583 et

503 4596 567 4659 quod
582 4600 639 4660 agie,
651 4602 696 4647 uiri
711 4618 756 4649 run
770 4616 878 4662 peccasse,
895 4601 912 4651 i.
922 4620 943 4651 o.
956 4604 999 4653 nisi
1049 4603 1176 4657 edterrarn
1185 4616 1281 4659 enatare
1292 4608 1396 4657 conanti.
1429 4608 1547 4657 Hennes.
