3609 5967
464 774 531 839 2³32
763 770 801 835 Ρ.
824 765 987 833 OVIDII
1013 762 1228 831 NASONIS

393 1032 399 1040 ,
466 946 581 1036 Nam,
599 967 832 1043 quamquam
850 942 921 1016 soli
939 949 1102 1040 possunt
1116 938 1301 1037 prodesse
1319 943 1507 1037 potentes,

517 1061 554 1136 N
556 1087 605 1136 ou
623 1061 743 1160 prosit
760 1060 899 1159 potius,
920 1058 952 1131 si
971 1056 1058 1154 quis
1077 1055 1213 1130 obesse
1230 1062 1371 1153 potest.

468 1176 613 1275 Effugit
628 1177 806 1251 hibernas
822 1174 991 1249 demissa
1008 1184 1174 1247 antenna
1191 1170 1390 1270 procellas,

517 1292 690 1389 Lataque
707 1292 794 1390 plus
812 1289 937 1388 parvis
951 1289 1036 1364 vela
1053 1286 1198 1361 timoris
1216 1286 1371 1361 habent.
1480 1286 1525 1354 10

467 1406 660 1506 Adspicis,
678 1416 721 1480 ut
738 1430 887 1479 summa
902 1413 1036 1478 cortex
1054 1404 1147 1478 levis
1165 1402 1312 1476 innatet
1328 1404 1443 1491 unda,

518 1521 647 1606 Quum
664 1545 777 1619 grave
794 1544 895 1594 nexa
914 1520 1027 1593 simul
1046 1518 1140 1594 retia
1157 1530 1304 1614 mergat
1320 1508 1429 1593 onus.

468 1637 563 1713 Haec
582 1662 653 1734 ego
671 1638 716 1726 si,
736 1637 909 1725 monitor,
928 1635 1096 1709 monitus
1115 1634 1218 1734 prius
1237 1634 1319 1733 ipse
1336 1634 1505 1721 fuissem,

519 1752 564 1827 In
583 1777 660 1851 qua
676 1753 881 1828 debueram
899 1750 1057 1826 forsitan
1075 1751 1168 1824 urbe
1184 1748 1316 1823 sorem.
1424 1826 1427 1831 ,
1486 1734 1490 1745 ’

468 1867 572 1943 Dum
588 1880 715 1943 tecum
732 1868 823 1957 vixi,
842 1867 934 1943 dum
953 1890 1015 1941 me
1032 1866 1127 1940 levis
1145 1889 1236 1939 aura
1252 1864 1408 1951 ferebat,
1479 1868 1522 1953 l5

517 1982 612 2057 Haec
629 2008 714 2059 mea
731 2009 799 2084 per
816 1984 988 2083 placidas
1005 1984 1146 2083 cymba
1161 1983 1326 2057 cucurrit
1342 2004 1476 2079 aquas.

464 2098 544 2184 Qui
561 2100 664 2175 cadit
680 2101 720 2173 in
737 2101 863 2200 plano,
883 2101 948 2174 vix
966 2099 1037 2175 hoc
1055 2109 1183 2175 tamen
1201 2100 1327 2174 evenit
1343 2099 1480 2198 ipsum,

520 2214 586 2289 Sic
602 2216 718 2306 cadit,
738 2225 782 2291 ut
797 2225 902 2291 tacta
919 2239 1073 2313 surgere
1091 2216 1212 2315 possit
1228 2215 1364 2288 humo:

468 2331 521 2405 At
537 2332 652 2408 miser
670 2334 851 2432 Elpenor,
870 2344 975 2409 tecto
993 2333 1173 2432 delapsus
1191 2333 1240 2407 ab
1257 2330 1346 2421 alto,

520 2448 702 2524 Obcurrit
719 2450 799 2547 regi
818 2448 957 2525 debilis
976 2449 1110 2524 umbra
1128 2471 1208 2525 suo.
1473 2452 1523 2520 20

469 2563 571 2648 Quid
589 2564 673 2654 fuit,
693 2577 735 2640 ut
751 2575 854 2641 tutas
873 2564 1025 2662 agitarit
1044 2564 1225 2638 Daedalus
1243 2565 1344 2655 alas;

520 2681 651 2755 Icarus
669 2682 872 2757 immensas
890 2682 1043 2756 nomine
1062 2682 1186 2777 signet
1204 2680 1349 2778 aquas?

469 2946 632 2998 mediocritate
642 2964 696 2998 esse
707 2956 842 2999 contentus.
870 2950 969 2999 Bsnsrr.
1021 2946 1351 3005 autemlevem,ethomines
1364 2956 1465 3008 tenum
1481 2962 1523 3012 per

468 3021 648 3073 -Praeturtria.
671 3022 791 3073 Praeclara
808 3023 876 3073 atria.
912 3024 971 3073 Plus
1018 3024 1138 3085 ptumam
1148 3029 1327 3087 vero,poteutes
1337 3019 1461 3085 designat:
1472 3022 1521 3086 qui,

377 3134 381 3142 .
469 3098 562 3145 timoris
579 3096 867 3163 Majoremlormidincm.
977 3103 1048 3147 ,ut
1066 3096 1200 3161 plumbum,
1218 3094 1325 3159 graviore
1344 3110 1404 3144 casu
1424 3094 1522 3145 clientes
1577 3108 1586 3121 “

501 3170 526 3219 8.
542 3170 596 3220 Hoc
615 3179 779 3238 pentametron
798 3170 902 3237 reposuit
917 3171 970 3221 Stc·
1021 3169 1156 3236 prucipites
1166 3168 1321 3233 trahuntque
1332 3168 1423 3219 volunt.

468 3242 970 3310 phauuaAuimcdr.ioAdcgiumErasrni,
1056 3245 1095 3292 19.
1123 3244 1154 3292 Ar
1178 3246 1245 3293 mirer
1267 3242 1389 3306 Elpeum]
1419 3244 1521 3309 Elpenor

469 3316 558 3367 Procul
567 3338 581 3367 u
591 3320 647 3369 Jove
656 3320 824 3385 atsulmiam
835 3318 971 3369 melioribus
1021 3318 1085 3385 apud
1093 3318 1179 3367 Circen
1184 3318 1272 3375 ebrius,
1277 3318 1333 3367 dum
1341 3318 1458 3367 ociorum
1464 3328 1521 3369 otre-

468 3390 543 3441 libris.
574 3394 640 3443 Edit.
654 3396 718 3444 euim
730 3404 798 3445 vetus
811 3394 914 3460 alioque
928 3394 971 3443 de·
1021 3395 1085 3460 pitns
1101 3392 1240 3442 abeuntium
1256 3392 1333 3450 audit,
1348 3399 1373 3442 et
1387 3394 1452 3443 ubire
1467 3410 1520 3460 pro

469 3464 568 3515 derunt:
581 3466 751 3531 Nonprorunr:
760 3470 972 3532 perimplun'mum
1021 3475 1097 3533 pernt,
1115 3483 1203 3533 pronus
1219 3483 1232 3517 c
1251 3466 1327 3531 longis
1344 3466 1426 3532 lapsus
1442 3468 1521 3527 scalis,

468 3542 630 3591 obumbra
663 3542 746 3607 Atque
763 3542 879 3593 Heinsius
895 3550 972 3591 totum
1021 3541 1111 3592 collum
1121 3541 1192 3607 tregit
1199 3560 1207 3602 ;
1224 3542 1322 3591 Homer.
1333 3542 1472 3609 Odyul:

469 3614 515 3663 hoc
532 3614 661 3673 distichon,
680 3625 803 3680 tamquam
818 3617 915 3665 Nasone
933 3616 970 3665 in·
1058 3617 1110 3674 Hic,
1124 3619 1208 3665 nimius
1221 3619 1334 3679 quondum
1347 3619 1406 3676 viui,
1413 3622 1466 3681 jum
1479 3636 1520 3682 po-

469 3686 569 3753 dignum
589 3689 681 3756 rejecit,
705 3689 789 3738 Burm.
810 3697 874 3738 recte
893 3689 971 3754 iudig·
1087 3694 1142 3740 culo
1152 3694 1261 3740 damnat:

470 3768 552 3819 nante,
563 3764 604 3828 qui
619 3764 701 3813 docuit
714 3762 796 3813 multis
812 3763 936 3828 exemplis,
946 3770 972 3811 et
1057 3765 1145 3830 Quique
1158 3772 1188 3815 itt
1199 3768 1295 3816 ostendit
1308 3768 1435 3816 sobrietatis
1447 3768 1521 3818 lcum.

468 3844 568 3897 polenta
588 3836 728 3902 simpliciter
748 3853 800 3887 cosa
821 3835 911 3885 amicos
928 3852 971 3903 po·
1022 3840 1153 3905 EtOdyss.
1165 3846 1204 3891 K:
1514 3830 1519 3837 ’

469 3917 547 3959 tentos
564 3926 592 3960 sc
608 3926 707 3975 mtgnar
721 3910 847 3969 amicitias,
858 3925 919 3976 quu
933 3911 970 3959 lu·
1055 3914 1142 3963 Montis
1163 3917 1234 3978 inopi,
1253 3917 1370 3979 victusque
1386 3933 1455 3974 mro,
1476 3936 1521 3966 uon

468 3982 571 4049 giendu
586 4000 637 4033 esse
652 3992 734 4034 monet
744 3984 857 4043 Ovidius,
871 3991 896 4034 et
907 3984 970 4035 huuc
1086 3990 1153 4037 utilit
1162 3990 1240 4045 amu,

470 4055 589 4107 antitheta
604 4058 656 4115 illa,
672 4060 743 4108 olm
761 4074 789 4107 ac
801 4061 913 4121 prodesse,
928 4058 970 4108 ha·
1056 4062 1156 4125 Elpenor
1171 4064 1272 4125 pretium
1289 4066 1353 4111 trirtr
1371 4064 1465 4113 bidentis
1478 4066 1520 4113 liu·

470 4131 550 4181 buisse
563 4131 588 4181 in
604 4130 706 4189 deliciis,
720 4141 748 4182 ut
760 4132 823 4182 inira
834 4148 858 4181 v.
872 4132 942 4197 Eleg.
955 4132 971 4181 i.
1086 4138 1129 4185 brt.

471 4208 512 4257 66.
523 4208 555 4257 xi.
571 4208 673 4259 Metam.
685 4208 741 4257 ³20.
756 4208 782 4256 ii.
798 4208 900 4257 Metam.
914 4210 970 4257 512.
1053 4210 1094 4257 22.
1112 4208 1193 4259 Icarus
1209 4212 1324 4260 immemor
1340 4212 1429 4258 numius
1444 4213 1520 4277 rigum

470 4282 584 4333 Hiatus.
1021 4284 1119 4348 opuurl]
1142 4283 1253 4333 Diximus
1270 4284 1302 4333 de
1320 4283 1366 4333 hoe
1381 4284 1434 4333 loco
1449 4302 1520 4351 supra

505 4359 545 4407 11.
574 4359 685 4419 Adspicis,
710 4367 738 4405 at
763 4356 872 4421 summ]
901 4356 972 4407 Levis
1020 4357 1065 4406 lib.
1081 4357 1099 4406 i.
1110 4358 1148 4406 El.
1159 4357 1175 4405 i.
1186 4374 1235 4407 var.
1249 4359 1290 4407 90.
1322 4357 1441 4424 Superiori
1451 4374 1521 4411 versu

470 4439 550 4481 cortex
569 4431 630 4480 solet
648 4430 674 4480 in
690 4445 784 4480 summa
799 4444 863 4495 aqut
879 4438 970 4487 natare,
1020 4431 1076 4496 lega
1087 4434 1183 4499 agitarit
1194 4448 1236 4498 pro
1245 4435 1355 4499 agitaret,
1364 4442 1391 4482 ut
1400 4434 1438 4499 τῷ
1446 4436 1519 4501 signet

471 4520 515 4555 nec
535 4505 625 4571 mergi:
649 4514 675 4555 tt
694 4506 754 4555 retia
772 4520 858 4569 magno
878 4504 970 4571 plumbi
1021 4506 1107 4556 melius
1117 4506 1141 4556 id
1152 4505 1300 4572 respondeat.
1334 4506 1425 4556 Herus.

471 4578 575 4645 pondere
589 4580 662 4645 margi
680 4581 766 4631 solent.
800 4579 847 4629 Per
866 4581 969 4630 corticem
