3609 5967
446 744 490 811 m
554 782 558 791 ,
737 744 777 810 Ρ.
800 742 961 810 ovum
983 740 1195 810 Nasones

450 918 642 1004 Audierat,
663 916 831 1016 Lyrnesi,
850 929 948 1002 tuos,
967 916 1144 1003 abducta,
1162 915 1333 1003 dolores:

502 1033 685 1131 Bellaque
701 1057 769 1131 per
786 1045 914 1131 turpes
932 1032 1078 1128 lougius
1095 1032 1171 1105 isse
1188 1054 1323 1107 moras.

451 1148 545 1223 Hoec
562 1158 688 1227 tamen
706 1148 896 1223 audierat:
926 1138 1142 1221 Priameide
1156 1146 1300 1223 viderat
1315 1146 1449 1245 ipsam.

498 1264 630 1338 Victor
647 1288 728 1339 eras
745 1264 882 1362 praedae
900 1262 1030 1361 proeda
1045 1262 1224 1361 pudenda
1240 1271 1328 1335 ture.
1411 1266 1485 1335 406

452 1379 546 1456 Inde
563 1379 818 1478 Thyestiaden
834 1379 1074 1475 thalamoque
1091 1378 1293 1475 animoque
1309 1376 1473 1475 recepit3

502 1494 552 1570 Et
569 1496 665 1570 male
682 1506 904 1595 peccantem
921 1495 1106 1594 Tyndaris
1123 1496 1202 1571 ulta
1218 1495 1349 1568 virum.
1440 1498 1446 1511 ’

452 1611 546 1696 Quae
564 1610 660 1685 bene
676 1610 821 1698 colaria,
840 1612 872 1684 si
890 1612 969 1710 qul
986 1622 1113 1686 tamen
1133 1621 1219 1685 acta
1233 1611 1429 1709 patebunt,

502 1726 573 1801 Illa
588 1728 676 1801 licet
692 1737 857 1826 pateant,
875 1736 918 1800 tu
934 1736 1061 1801 tamen
1078 1750 1200 1825 usque
1216 1748 1325 1822 nega
1411 1727 1486 1796 410

452 1841 549 1917 Tum
566 1866 689 1942 neque
707 1845 913 1941 subjectus,
931 1843 1041 1919 solito
1057 1868 1128 1919 nec
1144 1843 1317 1918 blandior
1333 1853 1427 1916 esto.
1488 1912 1495 1927 ,

501 1956 596 2035 Haec
613 1960 726 2035 animi
743 1960 901 2047 multum
919 1960 1028 2058 signa
1043 1959 1212 2033 nocentis
1229 1959 1380 2033 habent.

455 2074 531 2149 Sed
547 2074 654 2150 lateri
671 2100 740 2151 nec
757 2100 869 2175 parce
886 2087 964 2150 tuo.
994 2098 1069 2174 pax
1086 2076 1207 2149 omnis
1225 2074 1263 2148 in
1280 2096 1355 2147 uno

504 2190 738 2267 Concubitu:
767 2192 868 2290 prior
884 2190 956 2265 hoc
974 2190 1174 2265 inficianda
1190 2188 1331 2263 Venus.

455 2305 564 2393 Sunt,
583 2306 648 2404 qui
665 2307 886 2406 praecipiant
901 2307 1051 2393 herbas,
1070 2305 1243 2393 satureia,
1262 2312 1440 2379 nocentes

504 2421 681 2497 Sumere:
710 2424 875 2521 (judiciis
894 2424 967 2497 ista
982 2447 1125 2498 venena
1140 2421 1266 2515 meis.)
1413 2424 1488 2494 416

453 2536 532 2612 Aut
548 2536 655 2636 piper
672 2536 800 2613 urticae
819 2539 1002 2613 mordacis
1012 2540 1162 2613 semine
1178 2538 1358 2624 miscent3

502 2650 681 2751 Tritaque
698 2653 736 2728 in
753 2670 893 2729 annoso
910 2655 1006 2729 flava
1022 2656 1201 2753 pyrethra
1216 2677 1332 2730 mero.

455 2766 533 2843 Sed
551 2766 635 2847 Dee
651 2792 726 2843 non
744 2770 882 2869 patitur
899 2770 955 2845 sic
973 2771 1022 2845 ad
1039 2794 1109 2845 sua
1125 2769 1262 2867 gaudia
1277 2767 1375 2865 cogi,

503 2882 612 2959 Colle
626 2885 697 2961 suh
714 2886 889 2961 umbroso
907 2909 1022 2983 quam
1038 2895 1144 2961 tenet
1159 2887 1257 2960 altus
1276 2882 1395 2983 Eryrt.
1410 2887 1485 2957 420

938 3042 957 3077 ‘l

486 3094 544 3145 400.
557 3094 698 3153 Priameide,
706 3095 764 3159 dre]
775 3096 943 3155 Cassundram,
996 3098 1091 3147 verbum
1102 3096 1223 3157 Praeepr't,
1234 3093 1308 3159 etqui
1321 3091 1406 3158 reliqui
1421 3107 1491 3142 cerus

455 3182 526 3232 quam
540 3167 946 3220 manutenendumvid.
995 3170 1026 3219 ub
1046 3185 1076 3219 eo
1095 3168 1244 3234 dependent:
1269 3166 1408 3223 videndun,
1430 3178 1488 3217 nun

455 3240 565 3306 Eschyh
586 3250 611 3291 et
628 3242 712 3291 Seuer.
732 3242 758 3292 iu
772 3244 945 3308 Agamemnone.
995 3242 1205 3307 meqiudeSatyrii
1218 3239 1489 3291 herhuhiclocuncci-

454 3313 545 3363 Auru.
995 3316 1096 3383 piendus
1117 3316 1162 3364 sit:
1185 3315 1359 3381 legendumque
1383 3314 1489 3377 Satyron,

486 3384 609 3436 407.an
616 3386 947 3455 Thyeuiedeumgysthurn,
997 3388 1147 3455 aprimitivo
1165 3388 1251 3454 Satyro
1269 3388 1371 3438 deducto
1387 3386 1491 3436 nornine.

453 3459 565 3525 Thyestis
574 3460 658 3511 hlium.
691 3459 780 3511 Auru.
997 3466 1095 3514 Murra.

491 3534 549 3584 409.
570 3534 596 3583 Si
611 3534 679 3600 qud]
698 3534 723 3584 Si
743 3552 791 3599 que
812 3535 902 3601 Regius
923 3546 948 3587 et
1030 3538 1085 3586 417.
1105 3536 1210 3600 urtice]
1229 3536 1367 3605 conjecerat
1376 3535 1443 3594 olim,
1456 3536 1490 3583 Εέ

455 3616 556 3673 quatuor
577 3608 627 3658 ulii.
652 3617 717 3675 puto,
740 3613 760 3657 ri
782 3612 830 3659 etti.
856 3611 947 3661 Herus.
996 3610 1489 3675 milcinsimedpouteamntsvitren-

457 3682 554 3738 Qutesr
564 3681 664 3739 dictum,
675 3689 703 3731 ut
716 3684 794 3747 aliqud
809 3684 866 3741 alit,
879 3694 905 3734 et
915 3685 947 3733 si·
997 3686 1104 3736 unum.
1139 3684 1228 3733 Contra
1244 3684 1292 3734 vim
1310 3683 1402 3748 frigoris
1418 3684 1489 3733 etiam

454 3753 683 3821 milia.rideiprum
694 3756 947 3807 Heius-adiliTriet
996 3775 1077 3809 semen
1104 3757 1193 3807 Urticre
1218 3757 1365 3807 commendat
1390 3758 1491 3806 Serenm

455 3828 490 3877 iv.
506 3830 547 3878 ts.
570 3830 602 3878 Et
616 3844 658 3878 noe
671 3829 702 3878 ud
716 3830 814 3889 Quinct.
827 3831 897 3880 Decl.
914 3832 951 3881 vi:
996 3834 1116 3882 Summum
1125 3832 1240 3880 cmx.
1251 3830 1372 3895 deejusvi
1381 3830 1412 3879 ud
1421 3846 1491 3879 vene-

343 3934 350 3949 .
457 3902 497 3949 to.
508 3901 600 3951 etrrii.
612 3906 638 3952 5.
649 3912 674 3952 et
685 3902 751 3952 alibi.
785 3904 872 3953 Busrr.
996 3922 1046 3956 rem
1063 3904 1212 3955 excitandum
1226 3905 1276 3969 egit
1294 3905 1319 3953 in
1336 3904 1425 3954 insanis
1443 3903 1491 3953 suis

488 3977 545 4025 416.
569 3974 628 4025 Sunt
648 3978 687 4040 qui
706 3981 840 4041 precipiunt
861 3982 946 4037 herlus,
996 3977 1170 4029 commentariis
1178 3978 1209 4027 ad
1218 3977 1354 4027 Petronium
1362 3977 1491 4033 Iodohiur,

455 4052 565 4107 mturein,
587 4060 690 4099 meentee
710 4051 808 4110 Sumere,
828 4053 887 4117 dra]
909 4053 947 4102 lta
995 4052 1038 4102 lih.
1047 4052 1074 4101 ii.
1086 4067 1140 4117 cup.
1153 4052 1191 4102 16.
1206 4091 1208 4094 .
1223 4053 1312 4100 Bous,

455 4122 551 4189 quidem
565 4122 672 4189 plerique
692 4124 781 4191 legunt,
802 4134 827 4175 et
846 4131 948 4176 aaronis
1029 4128 1086 4176 ⁴20.
1104 4125 1345 4188 commossem]
1364 4124 1490 4173 Neecioun

456 4196 542 4263 plurali
559 4198 692 4247 accusativo
711 4199 800 4249 dictum
820 4200 947 4265 accipiunt.
997 4214 1044 4249 non
1065 4199 1133 4248 ulcus
1148 4199 1230 4249 latest.
1262 4200 1325 4264 Eryx
1342 4198 1405 4248 euim
1424 4212 1491 4245 mons

457 4272 567 4321 Ceterum
585 4272 642 4337 qnia
656 4272 721 4336 epnd
735 4271 847 4331 Plinium,
860 4283 886 4323 et
901 4276 948 4324 Co-
997 4275 1069 4323 ultus.
1088 4272 1137 4322 vid.
1156 4273 1187 4322 ad
1203 4273 1281 4339 Epist.
1292 4291 1332 4322 xv.
1344 4274 1386 4322 st.
1404 4286 1436 4320 un
1448 4271 1490 4320 ille

455 4345 576 4396 lurnellarn
586 4346 652 4404 item,
662 4349 762 4395 mtursiu
776 4347 897 4397 foeminino
907 4362 948 4411 ge-
997 4348 1042 4397 suh
1057 4347 1120 4396 colle
1129 4347 1202 4397 hahet
1212 4348 1344 4413 templumt
1359 4362 1390 4395 un
1402 4345 1429 4394 in
1439 4346 1492 4409 ipso

457 4434 520 4476 nore,
535 4434 563 4469 uc
581 4418 656 4484 prima
673 4419 832 4469 declinatione
847 4436 946 4486 usurpa·
995 4428 1074 4469 monte
1087 4421 1187 4471 eminuit
1196 4421 1328 4479 colliculus.
1338 4420 1420 4485 inquo
1429 4430 1489 4469 tenr-

456 4498 509 4539 tur:
526 4493 564 4542 hic
578 4502 657 4542 autem
673 4508 768 4543 necessu
781 4502 817 4541 est
831 4492 894 4542 idem
904 4509 946 4541 nn·
995 4494 1075 4559 pluunt
1093 4495 1181 4543 Burin.
1197 4496 1236 4544 De
1249 4502 1327 4545 moute
1341 4495 1425 4558 szoe,
1436 4494 1493 4543 ride

457 4578 511 4613 men
531 4567 663 4616 accusativo
686 4582 743 4615 cusu
767 4566 831 4631 poni,
854 4575 947 4631 propter
997 4566 1180 4631 Polybiuml.i.
1192 4584 1215 4617 c.
1228 4570 1267 4617 60.
