3609 5967
437 759 670 828 TRISTIUM
694 759 785 824 LIB.
809 759 852 824 V.
875 759 1013 826 ELEG.
1039 759 1128 826 XII.
1239 765 1303 828 341

258 938 434 1034 Denique
451 959 526 1009 non
544 958 676 1033 parvas
694 934 818 1007 animo
835 933 903 1008 dat
920 933 1041 1029 gloria
1057 934 1176 1026 vires;

309 1051 359 1125 Et
374 1051 549 1124 foecunda
565 1049 657 1122 iacit
673 1058 829 1146 pectora
845 1049 969 1122 laudis
987 1073 1102 1126 amor.

260 1167 432 1241 Nominis
448 1177 490 1240 et
505 1166 616 1240 famoe
634 1165 825 1263 quondam
843 1164 988 1263 fulgore
1005 1165 1193 1252 trahebar,

309 1284 411 1357 Dum
429 1284 516 1358 tulit
532 1294 716 1358 antennas
735 1305 827 1356 aura
843 1283 1012 1357 secunda
1028 1307 1145 1358 ineas.
1254 1289 1304 1356 40

260 1398 347 1473 Non
365 1400 461 1474 adeo
478 1410 539 1474 est
555 1401 653 1474 bene
671 1423 784 1484 nnnc,
802 1409 846 1472 ut
863 1399 915 1473 sit
932 1400 1023 1474 mihi
1041 1399 1158 1496 gloria
1171 1423 1291 1474 eurae:

310 1516 351 1587 Si
369 1515 494 1599 liceat,
514 1516 607 1589 nulli
625 1516 801 1612 cognitus
819 1539 905 1591 esse
922 1517 1046 1592 velim.

260 1630 332 1718 An,
351 1632 443 1728 qnia
459 1643 654 1706 cesserunt
671 1633 793 1730 primo
810 1633 909 1708 bene
926 1633 1106 1719 carmina,
1126 1632 1262 1707 suades

311 1747 497 1833 Scribere,
517 1771 716 1821 successus
734 1757 778 1820 ut
795 1771 934 1844 sequar
951 1748 1033 1845 ipse
1052 1748 1182 1823 meos?

259 1861 374 1948 Pace,
393 1886 540 1948 novem,
558 1873 684 1937 vestra
701 1863 813 1938 liccat
829 1864 985 1948 dixisse,
1007 1864 1174 1949 Sorores
1256 1867 1304 1936 45

308 1977 387 2050 Vos
404 1979 496 2052 estis
514 1989 651 2053 nostrae
670 1980 836 2054 maxima
851 2004 969 2054 causa
985 1978 1096 2076 fugae.

262 2092 390 2191 thue
407 2093 651 2192 dedinjustas
670 2096 766 2170 tauri
784 2097 985 2192 fabricator
1002 2097 1125 2181 aheni,

310 2210 374 2283 Sic
392 2235 463 2306 ego
481 2201 530 2284 do
548 2235 679 2310 poenas
699 2215 843 2287 artibus
861 2215 943 2311 ipse
962 2214 1068 2287 meis

261 2322 325 2396 Nil
343 2324 434 2398 mihi
451 2325 635 2400 debuerat
651 2351 738 2402 cnm
755 2329 926 2403 versibus
944 2327 1106 2427 amplius
1123 2350 1227 2412 esse;

310 2439 387 2514 Sed
405 2439 574 2536 sugerem
592 2443 726 2516 merito
743 2442 947 2540 naufragus
965 2467 1076 2517 omne
1093 2441 1241 2516 sretum.
1258 2446 1306 2514 50

260 2552 312 2627 At
327 2564 433 2651 puto,
452 2555 485 2628 si
503 2556 660 2631 demens
677 2558 845 2632 studium
862 2559 976 2634 fatale
994 2555 1193 2641 retentem,

311 2669 385 2743 Hic
403 2670 493 2744 mihi
511 2673 696 2770 praebebit
712 2675 888 2750 carminis
908 2699 1011 2749 arma
1027 2675 1153 2750 locus:

262 2786 349 2859 Non
360 2787 456 2861 liber
465 2788 526 2862 hic
541 2789 653 2876 ullus,
665 2815 741 2864 non
751 2792 816 2889 qui
828 2791 920 2865 mihi
934 2790 1149 2866 commodet
1164 2813 1304 2874 aurem,

308 2903 512 3002 Verbaque
530 2907 743 3003 significent
760 2909 852 3006 quid
871 2931 956 2982 mea
973 2909 1082 2993 norit,
1097 2901 1223 2980 adest.

260 3018 401 3093 Omnia
415 3022 598 3096 barbariae
616 3024 700 3098 ioca
717 3033 818 3109 sunt,
837 3022 1016 3121 vocisque
1034 3013 1175 3107 serina,
1258 3023 1305 3094 55

310 3134 449 3210 Omnia
467 3148 556 3211 sunt
569 3137 702 3213 'Getici
720 3139 833 3237 plena
849 3138 983 3212 timore
1001 3137 1103 3212 soni:

260 3249 350 3348 lpse
366 3251 457 3326 mihi
475 3252 603 3327 videor
616 3256 697 3352 jam
713 3255 902 3331 dedicisse
921 3253 1076 3342 Latine3

307 3365 394 3441 Jnm
412 3367 529 3444 didici
547 3370 685 3447 Getice
706 3371 993 3470 Sarmaticeque
1011 3370 1126 3467 loqui.

260 3481 342 3557 Nec
360 3494 500 3572 tamen,
519 3496 562 3558 ut
578 3510 707 3562 verum
726 3488 844 3563 fatear
861 3489 944 3574 tibi,
964 3496 1094 3560 nostra
1111 3485 1230 3560 teneri

308 3597 342 3670 Α
360 3602 622 3699 componendo
639 3605 804 3678 carmine
823 3602 938 3677 Musa
954 3611 1092 3702 potest.
1256 3605 1304 3673 60

290 3898 332 3945 44.
356 3897 497 3963 soem]
525 3900 590 3958 Qui·
611 3901 669 3950 mihi
690 3902 755 3951 male
805 3899 899 3950 idonea.
929 3899 1008 3947 Pour.
1033 3897 1158 3946 licunrnn.
1177 3896 1303 3961 Repetam.

256 3971 377 4022 succendi.
838 3975 882 4022 Est
895 3973 1010 4037 prolepsis
1021 3970 1120 4028 ironica,
1135 3979 1162 4020 ut
1177 3971 1302 4037 Verpoort.

290 4046 329 4093 47.
353 4045 426 4094 Tauri
438 4047 571 4112 fabricator
593 4049 681 4112 aheni]
709 4049 755 4098 Pe·
802 4049 854 4114 jam
870 4048 952 4114 pulcre
968 4047 1066 4104 monuit,
1080 4055 1105 4096 et
1118 4063 1182 4095 arma
1197 4047 1305 4094 carminis

258 4119 337 4169 tilius:
355 4120 386 4169 de
396 4137 445 4186 qno
452 4122 503 4187 jam
514 4123 606 4172 dictum
616 4133 660 4172 cst.
683 4125 755 4173 Mam
805 4132 862 4172 sunt
878 4120 1112 4178 instrumentarius
1131 4130 1156 4170 et
1172 4119 1220 4168 alin
1236 4119 1304 4184 adju-

289 4195 328 4245 49.
346 4195 390 4244 Nil
406 4197 606 4262 mitridaticum]
629 4197 757 4247 Prudentia
805 4205 887 4245 menta
906 4194 1017 4244 carminis
1036 4194 1168 4254 scribendi;
1189 4193 1244 4242 inde
1264 4209 1303 4240 nr·

256 4268 321 4315 enim
335 4284 382 4317 non
395 4277 439 4326 est,
454 4269 485 4319 ad
501 4269 526 4320 id
537 4272 621 4329 redire,
632 4271 695 4320 unde
712 4271 754 4320 de·
805 4262 912 4328 manum,
922 4270 963 4320 nbi
976 4270 1029 4319 libri
1040 4277 1192 4334 reponuntur.
1205 4265 1268 4316 Plin.
1279 4267 1305 4316 ii.

257 4341 392 4392 trimentum
402 4344 529 4409 acceperit.
804 4361 843 4412 cp.
864 4346 902 4393 17.
920 4343 1036 4409 Idemque
1047 4345 1171 4408 Verpoort.
1184 4341 1235 4406 jam
1250 4340 1302 4390 lau·

290 4418 329 4466 51.
346 4418 454 4467 Studium
465 4419 565 4483 soram]
592 4419 617 4467 Si
636 4419 755 4484 regrediar
805 4417 873 4468 derat
888 4417 974 4483 virgil.
994 4419 1050 4466 AEo.
1068 4416 1085 4464 i.
1106 4415 1159 4464 187.
1180 4417 1302 4480 agrariam

256 4489 288 4538 ad
295 4490 398 4540 stodiam
406 4493 567 4557 meum‚quod
575 4492 754 4557 mihiiatoquo-
804 4509 877 4548 ormo,
894 4493 919 4543 h.
931 4509 953 4540 e.
971 4491 1119 4555 agriculturae
1137 4489 1302 4538 instrumenta.

256 4565 312 4613 dam
329 4565 418 4620 nocuit,
436 4565 556 4614 inveniam
573 4583 639 4616 arma
655 4567 754 4616 carmini
805 4567 919 4614 Hancne.

900 4641 917 4688 Z
930 4641 945 4686 3
