3609 5967
501 796 504 802 ’
533 777 600 840 att
817 773 857 836 Ρ.
881 769 1044 836 OVIDII
1081 767 1297 832 NASONIS

537 948 602 1022 Sic
620 969 706 1021 mea
722 945 916 1044 perpetuis
934 943 1134 1042 liquefiunt
1152 949 1308 1041 pectora
1324 945 1435 1028 curis,

587 1062 744 1160 Ignibus
762 1059 924 1135 admotis
943 1071 986 1132 ut
1003 1083 1099 1132 nova
1115 1081 1203 1133 cera
1220 1059 1352 1157 liquet.

538 1180 649 1278 Saepc
672 1201 805 1276 precor
827 1187 1013 1262 mortem3
1043 1187 1201 1250 mortem
1222 1199 1377 1274 quoque
1401 1177 1583 1274 deprecor

586 1293 647 1367 Ne
658 1293 1002 1368 meaSarmaticum
1013 1301 1191 1388 contegat
1201 1316 1289 1366 ossa
1298 1292 1432 1367 solum.
1451 1293 1580 1387 [idem,

536 1409 663 1495 Quum
681 1407 796 1496 subit,
817 1408 981 1504 Augusti
1001 1431 1086 1505 quae
1104 1407 1155 1480 sit
1172 1407 1385 1495 clementia,
1404 1409 1519 1482 credo

586 1525 720 1620 Mollia
737 1523 941 1620 naufragiis
959 1522 1068 1596 litora
1086 1547 1199 1621 posse
1216 1523 1310 1596 dari.
1534 1529 1579 1597 72

535 1639 662 1726 Quum
676 1639 798 1726 video,
814 1663 929 1737 quam
947 1640 1023 1713 sint
1037 1663 1122 1713 mea
1138 1639 1217 1714 sata
1233 1638 1394 1727 tenacia,
1410 1637 1576 1736 stangan

587 1757 762 1856 Spesque
780 1755 886 1842 levir,
906 1779 1043 1853 magno
1061 1755 1162 1830 victa
1179 1755 1325 1843 timore,
1345 1755 1458 1829 cadit.

534 1870 571 1944 N
574 1896 618 1946 ec
635 1883 762 1946 tamen
780 1871 936 1944 ulterius
954 1870 1163 1968 quidquam
1181 1895 1350 1970 sperove,
1369 1895 1561 1969 precone,

584 1987 709 2074 Quam
727 1989 824 2062 male
842 1998 987 2062 mutato
1004 2011 1118 2086 posse
1136 2011 1265 2062 carere
1282 1988 1378 2062 loco.
1531 1992 1579 2062 66

534 2104 613 2179 Aut
630 2105 716 2188 hoc,
735 2115 802 2177 aut
817 2104 910 2177 nihil
926 2115 997 2192 est,
1018 2129 1085 2204 pro
1103 2129 1164 2178 mc
1182 2114 1329 2178 tentare
1347 2104 1519 2178 modeste

583 2220 717 2294 Gratia
735 2220 838 2316 quod
856 2220 960 2294 salvo
977 2230 1102 2296 vestra
1120 2222 1264 2320 pudore
1282 2232 1410 2318 queat.

534 2336 706 2434 Suscipe,
727 2334 911 2410 Romauae
929 2335 1118 2423 facundia,
1140 2334 1322 2423 Maxime,
1341 2335 1491 2432 liuguae,

584 2451 757 2525 Difficilis
775 2475 900 2532 causae
918 2451 1010 2528 mite
1028 2451 1291 2552 patrocinium.
1531 2457 1579 2524 70

533 2565 604 2640 Est
621 2569 732 2657 mala,
753 2568 957 2657 confite0r;
987 2568 1055 2642 scd
1072 2579 1111 2642 te
1129 2568 1229 2642 bona
1245 2568 1311 2641 fiet
1327 2576 1484 2663 agente:

581 2681 699 2757 Lenia
715 2708 785 2782 pro
802 2683 939 2758 misera
955 2682 1013 2756 fac
1033 2682 1146 2755 modo
1162 2684 1277 2756 verba
1293 2681 1394 2778 fuga.

532 2797 666 2873 Nescit
682 2799 783 2873 enim
802 2798 943 2884 Oaesar,
964 2799 1134 2896 quamvis
1154 2797 1261 2872 Deus
1278 2799 1404 2871 omnia
1421 2798 1531 2884 norit,

582 2913 748 2987 Ultimus
766 2912 828 2986 hic
845 2937 924 3011 qua
940 2914 991 2986 sit
1007 2913 1223 2988 conditione
1241 2915 1369 2988 locus:

530 3027 674 3126 Magna
690 3040 821 3103 tenent
838 3028 932 3103 illud
951 3053 1073 3103 rerum
1091 3030 1286 3103 molimina
1303 3054 1463 3118 numcn;
1527 3034 1575 3102 75

581 3144 676 3222 Haec
693 3156 753 3222 est
770 3147 917 3221 coelesti
935 3158 1088 3246 pectore
1106 3171 1197 3221 cura
1214 3147 1345 3220 minor.

532 3259 615 3335 Nec
634 3273 753 3349 vacat,
773 3262 811 3335 in
829 3286 907 3360 qua
924 3263 1001 3335 siut
1018 3261 1133 3360 positi
1151 3261 1303 3359 regione
1322 3261 1494 3346 Tamum,

580 3377 770 3463 Quaerere,
789 3377 948 3452 finitimo
966 3377 1029 3451 vix
1048 3379 1131 3452 loca
1148 3390 1237 3452 nota
1256 3379 1387 3466 Getae3

529 3659 577 3724 (ric
596 3675 691 3725 quoque
705 3661 792 3709 Bavar.
804 3677 850 3709 nou
865 3667 978 3724 pruinam
995 3662 1028 3710 uti
1079 3663 1127 3710 lum
1140 3662 1237 3710 verbum
1254 3661 1335 3716 iacies,
1349 3661 1373 3708 ui
1390 3659 1517 3708 sorte-vesu
1531 3659 1573 3706 ha-

529 3733 639 3798 quedam
659 3733 748 3784 habent
768 3733 851 3798 editt.)
870 3735 968 3801 elegam
993 3746 1030 3786 ert
1077 3735 1317 3785 beriinverecuudus.

527 3807 659 3871 epitheton.
693 3807 806 3857 Hancne.
1110 3811 1150 3858 69.
1168 3811 1260 3873 Sutrino
1277 3808 1404 3872 flamm]
1427 3808 1458 3855 In
1475 3805 1575 3870 vulgatis

524 3902 527 3909 ⁴
560 3881 602 3928 66.
621 3881 685 3930 Mala
696 3885 808 3931 mutando
820 3883 844 3930 h.
852 3899 874 3931 e.
891 3884 933 3948 qui
951 3893 1028 3933 mute·
1077 3883 1207 3942 codicibus,
1234 3900 1301 3934 norm
1329 3883 1374 3932 hoc
1395 3882 1484 3946 Elegiae
1508 3897 1573 3929 eror-

528 3960 637 4002 turcum
651 3954 699 4003 ulio
712 3955 773 4013 loco,
787 3958 941 4022 quantumvis
957 3958 1028 4017 malo,
1076 3957 1194 4007 diumert.
1218 3957 1573 4008 Noavetustirrimorumexem-

527 4027 606 4091 legere
622 4026 823 4086 maiitHeimiur,
840 4038 866 4079 et
879 4041 1026 4097 comparate
1076 4031 1178 4096 pierium
1199 4030 1364 4080 auctoritatem
1388 4044 1470 4079 summ
1493 4027 1573 4076 recuti.

529 4101 608 4150 Ponto
617 4101 644 4149 ii.
656 4103 680 4150 2.
691 4105 731 4152 96.
742 4103 773 4152 ir.
785 4105 824 4152 14.
835 4105 859 4152 7.
870 4105 954 4153 laudat
967 4121 1026 4170 quo·
1077 4105 1168 4153 Herus.

528 4190 576 4239 quc
588 4176 694 4224 Gronov.
712 4178 783 4225 Obrs.
798 4177 831 4224 iii.
846 4179 866 4223 t.
899 4177 947 4225 Sed
962 4177 1025 4228 idern
1109 4179 1150 4228 75.
1161 4177 1398 4244 Magnumettmina]
1415 4177 1572 4240 Magnapon·

528 4263 611 4298 semus
630 4250 750 4298 enascitur
771 4251 899 4313 evulgata
915 4251 1025 4310 lectione,
1076 4251 1132 4300 dara
1142 4251 1200 4318 reip.
1214 4253 1258 4300 hoc
1273 4261 1324 4300 est:
1343 4251 1463 4299 detinetur
1479 4249 1576 4311 Angue·

526 4320 552 4371 iu
564 4339 614 4388 qua
622 4323 693 4372 codd.
703 4323 862 4380 consentium,
872 4326 1027 4374 malenutrito
1077 4335 1115 4374 tue
1128 4325 1256 4392 majoribus
1270 4326 1389 4382 oneribus,
1404 4323 1463 4373 ideo
1478 4329 1513 4378 ut,
1526 4337 1574 4385 Prae

528 4398 779 4455 reconcinnarier
793 4398 856 4447 male
871 4399 1026 4456 mutatursit,
1077 4398 1170 4448 illorum
1188 4397 1360 4464 magnitudine,
1376 4413 1423 4447 uon
1444 4395 1518 4462 puerit
1538 4394 1575 4442 his

528 4470 598 4520 modu
608 4472 639 4519 rit
647 4471 727 4522 tutior.
759 4473 872 4522 Hirrum.
1075 4473 1141 4530 locis,
1155 4475 1250 4524 etmeis
1265 4473 1334 4522 malis
1352 4469 1525 4538 cognoscendis
1534 4484 1575 4517 va-

559 4545 600 4592 66.
618 4545 685 4593 satvr>
700 4547 806 4610 putare]
823 4546 914 4596 Habita
930 4547 1025 4612 pudoris
1075 4563 1137 4596 care.
1171 4545 1237 4596 Illud
1253 4565 1344 4597 nitrien.
1367 4547 1501 4611 Augustum
1519 4542 1574 4592 Car-

526 4615 624 4665 ratione.
658 4620 732 4676 Quasi
748 4620 822 4678 dicat,
836 4621 866 4670 de
881 4621 959 4671 reditu
973 4622 1023 4671 nul·
1075 4635 1150 4670 sarem
1160 4619 1227 4669 dicit.
