3609 5967
436 682 479 746 lo
728 676 767 741 P.
794 672 956 740 OVIDII
981 672 1193 739 NASONIS

437 852 505 928 Me
522 851 674 927 memini
693 851 826 925 iratum
844 848 1006 923 dominae
1024 847 1195 921 turbasse
1212 849 1391 947 capillos:

486 969 581 1043 Haec
595 967 685 1041 mibi
704 990 818 1065 quam
836 966 973 1039 multos
991 965 1148 1038 abstulit
1164 965 1220 1038 ira
1235 966 1317 1040 dies
1331 968 1339 1039 !
1409 972 1479 1041 170

437 1086 519 1161 Nec
537 1095 641 1185 puto,
661 1108 730 1157 nec
749 1084 849 1157 sensi
867 1083 1033 1155 tunicam
1049 1081 1235 1171 laniasse3
1263 1084 1331 1157 sed
1349 1083 1434 1182 ipsa

486 1201 664 1274 Dixerat:
694 1208 733 1273 et
749 1198 870 1298 pretio
887 1206 947 1271 est
963 1196 1028 1270 illa
1044 1197 1214 1272 redemta
1229 1222 1327 1273 meo.

436 1316 583 1402 Atros,
603 1315 668 1413 qui
686 1314 828 1413 sapitis,
848 1313 961 1387 vestri
979 1323 1139 1411 peccata
1154 1315 1323 1411 magistri

487 1432 664 1529 Effugite,
683 1440 723 1505 et
739 1430 861 1529 culpae
878 1430 1017 1505 damna
1034 1430 1164 1506 timete
1182 1456 1288 1507 meae.

436 1548 574 1623 Proelia
587 1571 673 1621 cum
689 1546 852 1634 Parthis,
871 1571 959 1620 cum
971 1549 1075 1623 culta
1089 1573 1166 1648 pax
1181 1550 1231 1623 sit
1242 1549 1383 1639 amicb;
1408 1554 1477 1625 175

486 1664 537 1739 Et
548 1667 669 1763 jocus,
689 1674 728 1737 et
744 1687 898 1737 caussas
917 1664 1103 1761 quidquid
1121 1665 1256 1739 amoris
1273 1666 1400 1740 habet.

437 1783 479 1856 Si
497 1808 567 1858 nec
585 1783 723 1857 blanda
740 1782 844 1868 satis,
864 1805 935 1856 nec
953 1782 1024 1856 erit
1040 1781 1107 1854 tibi
1126 1782 1245 1855 comis
1265 1783 1425 1872 amanti;

485 1898 626 1987 Perfer,
645 1909 685 1973 et
701 1900 865 1988 obdura;
894 1899 1095 1999 postmodo
1113 1898 1213 1973 mitis
1231 1900 1314 1973 erit.

435 2016 616 2091 Flectitur
632 2017 817 2113 obsequio
834 2027 1009 2090 curvatus
1027 2018 1076 2090 ab
1094 2018 1226 2090 arbore
1243 2039 1389 2089 ramus:

485 2131 651 2227 Frangis‚
672 2130 704 2203 si
720 2131 816 2205 vires
834 2131 1028 2229 experiere
1046 2142 1144 2206 tues.
1405 2137 1475 2205 180

436 2246 632 2343 Obsequio
650 2256 842 2321 tranantur
860 2272 992 2345 aquae:
1021 2273 1091 2323 nec
1109 2249 1258 2323 vincere
1276 2248 1397 2347 possis

486 2362 669 2449 Flumina,
690 2364 721 2435 si
739 2375 881 2450 contra,
901 2388 1016 2462 quam
1034 2366 1132 2464 rapit
1149 2366 1262 2452 unda,
1281 2374 1400 2439 nates.

434 2477 673 2575 Obsequium
690 2478 882 2576 tigresque
899 2479 1029 2554 domat
1047 2480 1309 2579 Numidasque
1332 2481 1472 2557 leones.

484 2592 643 2667 Rustica
659 2593 854 2692 paullatim
872 2604 1002 2669 taurus
1020 2606 1143 2669 aratra
1159 2597 1273 2671 subit.

433 2706 534 2792 Quid
551 2707 620 2781 suit
638 2709 805 2808 asperius
825 2708 861 2782 N
864 2710 1041 2785 onacrind
1062 2710 1270 2785 Atalantbl
1404 2716 1472 2785 185

483 2824 691 2898 Succubuit
708 2825 850 2899 meritis
867 2836 955 2900 trux
972 2838 1100 2902 tamen
1117 2828 1182 2903 illa
1197 2829 1278 2902 viri.

434 2940 545 3037 Saepc
564 2964 652 3013 suos
671 2963 794 3026 casus,
814 2965 884 3015 nec
902 2941 1009 3017 mitia
1025 2943 1126 3018 lacta
1141 2944 1276 3044 puelloe

481 3056 612 3131 Flesse
629 3057 700 3129 sub
718 3058 913 3132 arboribus
932 3058 1140 3135 Milaniona
1156 3060 1291 3136 ferunt.

435 3172 546 3271 Saepe
563 3173 649 3245 tulit
661 3175 768 3269 jusso
785 3173 934 3248 fallacia
950 3176 1044 3249 retia
1060 3177 1178 3250 collo:

482 3290 594 3386 Saepe
611 3287 691 3363 ferai
709 3300 834 3364 torvos
852 3292 1011 3390 cuspide
1027 3292 1111 3365 fixit
1128 3316 1251 3391 apros.
1401 3293 1472 3362 190

464 3596 520 3645 let.
547 3596 701 3660 Molaribus]
730 3596 807 3647 Valde
829 3599 926 3649 turbant
974 3601 1055 3666 Atque
1078 3599 1113 3647 ita
1131 3598 1228 3646 Treues
1248 3612 1343 3662 quoquc
1365 3596 1470 3651 Chiliad,

430 3670 511 3719 inhoe
526 3670 721 3720 nomineveteres
735 3671 799 3720 libri.
813 3672 855 3721 red
872 3672 926 3737 lege
975 3674 1018 3723 xii.
1041 3674 1099 3723 453.
1124 3679 1156 3727 et,
1182 3669 1326 3719 scholiastes
1350 3669 1471 3735 Apollonii

430 3744 561 3793 Milaniona
570 3759 624 3793 curn
634 3743 720 3809 Regio,
732 3744 772 3810 qui
784 3746 843 3794 libro
853 3744 926 3794 etism
975 3746 1079 3797 Rhodii:
1102 3742 1246 3804 Ἀταλάντη
1264 3742 1376 3801 Ἰάσονος
1396 3745 1474 3811 θυγά-

428 3819 461 3868 iii.
472 3820 528 3869 776.
546 3834 599 3868 eum
617 3818 670 3869 aliis
688 3818 832 3877 melioribus,
850 3820 925 3869 Milu-
975 3823 1071 3888 '’illud‘'
1083 3821 1157 3886 ἔγημε
1173 3818 1326 3868 nauculam.
1342 3816 1410 3883 ἑτέρα
1423 3818 1471 3884 γάρ

427 3896 483 3942 nino
493 3894 592 3941 humer-ir
606 3894 727 3942 Atalantes
741 3911 812 3943 crura
820 3895 925 3961 ferulam.
975 3896 1043 3945 ἔστιν
1054 3891 1179 3958 ἡἋργεὶα
1194 3891 1211 3952 ἡ
1226 3890 1357 3955 Σχοινέως,
1370 3892 1405 3951 ἢν
1415 3892 1471 3958 ἔγη-

426 3966 526 4033 Ileliqui
545 3966 648 4025 codices,
667 3966 804 4027 Minatium,
819 3978 861 4018 aut
879 3970 927 4016 ldi-
975 3986 1023 4035 μιν
1032 3964 1199 4032 Ἱππομέδων.
1233 3964 1282 4014 Ubi
1291 3962 1417 4023 Ἰασίωνος
1426 3966 1469 4015 θυ-

425 4042 534 4090 salman.
544 4040 608 4106 apud
618 4042 716 4091 Grecos
728 4042 923 4093 Μιλανίννωῑε
974 4041 1054 4109 γάτηρ
1070 4040 1220 4091 scribendum
1235 4049 1279 4097 est,
1295 4048 1320 4087 et
1335 4040 1369 4099 ἢν
1382 4040 1471 4105 ἔγημεν

426 4130 454 4165 ιιι
463 4115 614 4182 Xenophonti
626 4116 656 4165 de
666 4117 813 4179 Veneticum
830 4126 854 4166 at
865 4119 923 4183 poe'-
975 4114 1135 4181 Ἱππομένης.
1151 4128 1288 4180 quanquam
1302 4112 1366 4178 apud
1382 4114 1471 4162 Jobnn·

427 4190 458 4240 tit
470 4188 626 4241 Μειλιινίων.
638 4190 673 4239 sic
685 4192 808 4251 Musam
976 4190 1136 4239 nem'l'retzen
1145 4186 1249 4238 Cbiliad.
1257 4186 1301 4234 xli.
1309 4202 1361 4251 unp·
1367 4186 1468 4235 ccccliii.

458 4262 585 4330 Παρθένος
593 4264 623 4313 ob
635 4266 661 4313 σὲ
670 4262 774 4325 λέληθεν
783 4263 829 4314 ἀπ’
836 4264 924 4331 ’λρκω
975 4264 1048 4314 etiarn
1057 4261 1223 4329 Hippomedon
1237 4259 1334 4309 dicitur.
1346 4258 1389 4307 rod
1404 4258 1470 4309 locus

522 4336 576 4398 δίης
584 4335 736 4399 Ἀταλάντη,
973 4347 1010 4388 est
1017 4337 1150 4386 mendosus
1159 4336 1258 4402 Rspono
1265 4333 1336 4399 igitur
1345 4332 1471 4400 Ἠπτςῐται

453 4412 487 4463 ”u
500 4430 560 4461 ποτε
575 4412 745 4471 Μελανίωνος
757 4412 925 4478 ἄρασσαμένον
974 4406 1363 4477 'lrrrcplvrapro'lrrropldovra
1380 4408 1470 4459 Huius.

522 4485 697 4551 φύγενεύνὴν.
