3609 5967
473 694 539 779 ωε·
644 760 647 769 .
763 704 803 767 n.
826 694 991 767 ov1n11
1014 690 1231 763 NASONIS
1323 697 1350 737 κ

478 884 629 981 Cuique
647 879 725 955 viru
742 886 844 953 totus
860 884 1045 949 terrerum
1062 866 1189 968 paruit
1204 866 1320 953 orbis,

530 996 688 1095 Indigus
706 992 865 1069 effeetus
883 986 1059 1065 omnibus
1076 984 1161 1083 ipse
1177 982 1313 1079 magis.
1417 988 1423 1000 ’

479 1116 550 1191 Ille
567 1112 591 1187 J
594 1110 794 1210 ugurthino
812 1107 950 1191 clarus,
970 1102 1205 1198 Cimbroque
1222 1098 1427 1197 triumpho,
1479 1100 1536 1171 45

530 1229 617 1316 Quo
633 1226 769 1302 victrix
788 1222 904 1298 toties
920 1220 1078 1295 eonsule
1095 1216 1221 1293 Roma
1236 1215 1322 1302 fuit,
1401 1232 1410 1244 ·

482 1346 528 1425 In
546 1368 654 1420 coeno
671 1340 782 1417 latuit
800 1336 962 1423 Marius,
979 1356 1180 1430 cannaque
1196 1330 1369 1431 palustri,

533 1458 697 1537 Pertulit
714 1466 753 1531 et
769 1465 875 1529 tante
891 1452 1012 1545 multu
1027 1449 1206 1550 pudende
1223 1440 1316 1521 riro.

485 1577 601 1651 Ludit
616 1576 656 1648 in
673 1571 847 1647 humenis
865 1567 993 1643 divina
1010 1564 1181 1667 putentia
1196 1564 1324 1649 rebus,

458 1720 460 1725 ·
536 1692 588 1766 Et
605 1703 748 1765 certam
766 1709 933 1787 praesens
948 1684 1014 1760 vix
1025 1683 1148 1757 ‘hebet
1164 1681 1259 1755 bura
1274 1679 1401 1753 fidem.
1486 1682 1537 1751 50

488 1808 595 1885 Litus
614 1806 663 1880 ad
682 1804 888 1888 Euxinum,
907 1801 940 1874 si
958 1798 1046 1897 quis
1064 1797 1157 1871 mibi
1174 1796 1331 1882 diceret,
1350 1795 1435 1881 ibis,
1501 1850 1504 1855 .

540 1924 591 1999 Et
607 1933 754 1997 metues
772 1943 863 1995 arcu
880 1943 930 1993 ne
946 1914 1081 1991 feriare
1096 1914 1230 2000 Getae;

488 2040 521 2129 I,
541 2040 643 2127 bibe,
662 2038 858 2121 dixissem,
874 2042 1081 2133 purgantes
1098 2038 1418 2129 pecturasuceos,

540 2152 734 2252 Quicquid
752 2152 847 2227 etin
864 2158 947 2223 tote
961 2146 1131 2223 nescitur
1148 2142 1347 2242 Anticyra.

492 2272 586 2349 Sum
604 2282 740 2349 tamen
750 2268 832 2341 haeu
851 2290 1010 2366 pessus:
1036 2288 1120 2350 nee,
1134 2262 1168 2336 si
1184 2262 1359 2335 mortalia
1374 2282 1539 2359 possem,

542 2386 594 2461 Et
611 2385 747 2459 summi
764 2394 939 2485 poteram
956 2382 1035 2459 tela
1051 2403 1183 2456 cavere
1202 2378 1290 2454 Dei.
1492 2379 1541 2449 56

491 2502 550 2578 Tu
569 2526 723 2601 quoque
740 2501 799 2577 lac
818 2501 974 2589 timeas3
1000 2510 1051 2586 et,
1069 2522 1157 2596 quae
1173 2496 1243 2571 tibi
1260 2496 1349 2570 laeta
1357 2494 1542 2579 videntur,

547 2619 649 2692 Dum
667 2617 845 2717 loqueris,
864 2616 946 2693 fieri
962 2615 1086 2691 tristia
1102 2638 1229 2713 posse,
1245 2624 1351 2713 pute.

842 2992 1106 3067 EPISTOLA
1134 2992 1202 3065 lv.

781 3177 964 3244 SEXTO
998 3176 1266 3243 POMPEIO.

501 3332 651 3409 Nunus
671 3332 754 3407 dies
773 3332 868 3409 adeo
885 3342 946 3407 est
963 3332 1191 3407 australibus
1207 3330 1365 3405 humida
1381 3329 1533 3417 nimbis,

551 3448 639 3523 Non
657 3446 883 3523 intermissis
900 3459 944 3522 ut
961 3448 1054 3522 fluet
1071 3446 1192 3521 imber
1209 3445 1332 3545 aquis.

534 3652 577 3713 ⁴³·
598 3650 687 3715 Cuique
711 3650 780 3715 viru]
809 3648 936 3701 Disticbou
957 3649 1002 3700 bue
1052 3644 1553 3713 rumegnaeledeprimurnllumnerud·

501 3724 592 3781 nullius
606 3720 676 3791 prelii
689 3735 714 3775 et
729 3724 879 3790 nugatorium
892 3740 946 3775 meo
959 3740 1002 3791 pe·
1054 3724 1172 3781 iecissem,
1183 3738 1199 3771 r
1208 3722 1288 3773 Murio
1303 3722 1330 3772 ir
1343 3720 1416 3771 lteliu
1429 3721 1455 3769 in
1467 3734 1553 3784 crnpu

503 3797 578 3849 riculo
589 3797 706 3863 ejicietur.
723 3798 813 3848 Herus.
831 3797 938 3862 Optime.
1054 3797 1149 3849 Caudio
1161 3796 1236 3847 deleti
1245 3804 1315 3858 runt5
1332 3793 1553 3847 ntllurusrel'b‘-

536 3872 577 3924 45.
597 3870 805 3936 recolligentem
826 3872 926 3935 elem]
945 3871 1003 3920 Me·
1055 3872 1109 3923 nius
1118 3870 1214 3921 ducent.

503 3944 566 4005 rium
587 3942 707 4009 intelligit.
728 3943 770 4008 qui
792 3945 893 3997 obscuro
919 3960 1005 4010 genere
1087 3947 1130 3997 ⁶3.
1150 3944 1172 4001 l,
1188 3947 1246 4003 bibe,
1262 3944 1387 4008 dirim]
1405 3944 1479 3993 lllnrn
1494 3944 1554 4010 reje-

505 4026 571 4071 oelur
586 4016 611 4067 in
621 4016 673 4067 vieo
685 4016 806 4081 Arpinati,
817 4017 946 4083 preclarus
961 4018 1007 4067 luit
1056 4020 1141 4071 ciuem
1157 4028 1274 4084 tunquam
1286 4018 1407 4077 insenum
1420 4026 1446 4069 et
1457 4017 1554 4083 dignun

506 4092 640 4161 imperetur,
662 4100 688 4143 et
712 4090 857 4156 Jngurtburn
884 4092 1007 4154 Numidia
1057 4093 1152 4161 purgari
1174 4094 1278 4144 elleboro
1297 4094 1383 4158 ru'gru:
1411 4094 1464 4143 bne
1483 4093 1557 4142 lerna

455 4218 456 4221 ,
507 4165 697 4234 regendevieit.
724 4166 1008 4232 recreandumque
1058 4169 1200 4219 mersu
1214 4167 1317 4234 plurime
1330 4168 1357 4217 in
1367 4168 1555 4232 Andcqunae

507 4256 578 4293 neme
598 4238 667 4299 elius,
684 4240 765 4307 gestit.
797 4240 885 4291 Postea
904 4256 920 4291 r
940 4240 1008 4305 Syllu
1057 4242 1556 4308 utiuulupertinensedregiunenl‘lio-

508 4316 591 4383 pulsnt
601 4316 641 4367 '01
662 4316 728 4375 urbe,
746 4314 770 4365 in
788 4314 950 4365 Minturnenri
965 4330 1008 4383 pe·
1057 4317 1164 4367 crim:
1178 4316 1232 4381 legs
1240 4317 1350 4367 Gellium
1361 4316 1491 4367 libmrvii.
1503 4318 1542 4365 lt.

508 4388 566 4439 lude
589 4388 694 4441 delituit.
734 4388 866 4453 Cimbroque
887 4390 1010 4453 triumplu.
1091 4390 1343 4441 &Stemmata
1351 4392 1451 4455 purius]
1468 4390 1557 4441 Tm

511 4460 602 4514 Cimbri
613 4462 695 4529 pepuli
706 4463 770 4515 luere
782 4462 969 4514 Germanorum:
985 4463 1010 4512 bi
1059 4482 1112 4515 euru
1135 4465 1257 4531 relegeres
1278 4466 1310 4516 ed
1335 4482 1404 4516 erem
1425 4466 1558 4523 Ponticum,

512 4552 587 4601 quum
602 4536 764 4589 Rornanorum
785 4538 844 4587 fines
862 4537 1010 4595 invaderent.
1060 4539 1123 4604 quod
1135 4556 1183 4590 nun
1192 4539 1348 4591 credideram
