3609 5967
471 782 537 852 174
769 783 809 850 Ρ.
832 782 996 853 OVIDII
1019 780 1233 857 NASONIS

474 956 558 1035 Nec
577 959 673 1034 solet
690 958 813 1046 irasci,
833 960 1079 1057 nequeenim
1097 961 1325 1037 moderatior
1341 942 1449 1052 alter,
1476 970 1526 1040 25

525 1076 654 1162 Quum
671 1076 758 1174 quis
776 1076 815 1148 in
834 1075 1013 1164 adversis,
1033 1076 1065 1148 si
1084 1077 1171 1174 quis
1189 1078 1341 1165 amavit,
1360 1091 1475 1154 amat.
1510 1108 1514 1117 ’

472 1192 533 1268 De
550 1193 691 1291 comite
707 1192 873 1289 Argolici
891 1202 1097 1293 postquam
1115 1195 1290 1291 cognovit
1309 1194 1471 1282 Orestae,

522 1308 706 1383 Narratur
723 1307 898 1406 Pyladen
916 1309 999 1407 ipse
1017 1310 1205 1408 probasse·
1217 1309 1366 1385 Thoas:
1399 1340 1404 1345 ·

472 1424 568 1511 Quae
586 1424 658 1498 suit
674 1422 865 1497 Actoridae
883 1446 971 1497 cum
989 1446 1126 1520 magno
1144 1448 1295 1523 semper
1311 1424 1473 1512 Achille,

521 1540 683 1615 Laudari
700 1539 811 1612 solita
827 1550 887 1614 est
904 1537 1083 1614 Hectoris
1101 1564 1165 1615 ore
1183 1541 1278 1616 fides
1292 1566 1317 1616 :·
1471 1546 1522 1615 30

471 1655 584 1742 Quod
603 1655 688 1754 pius
707 1654 755 1728 ad
774 1678 904 1728 manes
922 1654 1094 1731 Theseus
1112 1680 1241 1731 comes
1260 1656 1345 1731 issit
1360 1658 1493 1745 amico,

519 1770 740 1873 Tartareum
758 1771 891 1844 dicunt
908 1771 1115 1847 indoluisse
1133 1772 1283 1850 Deum:

470 1886 627 1986 Euryali
644 1885 809 1983 Nisique
826 1886 902 1960 fide
917 1887 999 1976 tibi,
1019 1887 1158 1976 Turne,
1178 1889 1309 1976 relata,
1339 1936 1343 1943 ι

519 2003 713 2080 Credibile
731 2014 791 2079 est
807 2004 985 2104 lacrymis
1003 2005 1246 2081 immaduisse
1264 2029 1395 2102 genas.

467 2121 540 2197 Est
557 2121 671 2197 etiam
689 2121 836 2195 miseris
854 2121 991 2221 pietas,
1003 2133 1043 2197 et
1059 2122 1099 2196 in
1116 2123 1226 2197 hoste
1244 2124 1442 2221 probatur:
1468 2125 1518 2194 35

517 2222 604 2313 Heu
622 2237 726 2324 mihi,
739 2262 854 2335 quam
871 2236 1014 2337 paucos
1028 2239 1109 2313 haec
1127 2264 1214 2313 mea
1225 2238 1329 2313 dicta
1345 2237 1515 2311 movent!

466 2353 541 2429 Hic
559 2365 693 2441 status,
713 2354 794 2428 haec
814 2378 939 2429 rerum
957 2379 1057 2428 nunc
1075 2365 1135 2429 est
1152 2354 1303 2429 fortuna
1319 2375 1498 2438 mearum,

516 2469 668 2545 Debeat
685 2479 727 2542 ut
744 2469 922 2568 lacrymis
940 2470 1068 2544 nullus
1085 2471 1219 2546 adesse
1237 2469 1385 2544 modus.

465 2586 518 2661 At
534 2610 620 2661 mea
637 2595 738 2672 sunt,
758 2585 913 2685 proprio
931 2586 1103 2684 quamvis
1121 2585 1364 2661 moestissimu
1379 2607 1484 2672 casu,

514 2702 679 2777 Pectora
695 2724 875 2799 processu
893 2700 996 2777 facta
1013 2725 1148 2777 serena
1164 2712 1243 2775 tuo.
1465 2703 1516 2772 40

494 2929 535 2979 2⁷.
562 2929 599 2978 De
617 2930 697 2976 merite
717 2927 825 2992 Argolico
846 2936 964 2991 postquam
1047 2928 1089 2976 29.
1107 2925 1225 2991 Quefrrit
1241 2924 1377 2989 seorim]
1396 2922 1515 2979 Patroclo,

461 3005 566 3071 coguovit
578 3000 700 3065 Orestem]
721 3000 800 3050 Oreste
813 2999 910 3065 plurimi
920 3015 963 3049 re·
1014 3000 1110 3050 Actoris
1120 2999 1182 3050 lilio:
1201 3016 1267 3049 amor
1278 2997 1383 3049 Patrocli
1398 3006 1422 3047 et
1432 2996 1516 3047 Achil·

462 3088 532 3128 teres.
564 3076 646 3125 Scribe
658 3076 762 3142 Argolici
774 3076 866 3125 Oreste.
899 3075 964 3123 Nam
1014 3073 1278 3125 lisnotusestllomeri
1289 3073 1402 3123 carmine.
1436 3130 1440 3135 ⁴
1513 3092 1518 3101 ·

461 3150 566 3217 Pylades
599 3149 715 3206 Phoceus,
742 3165 790 3198 nou
821 3147 963 3213 Argolicum
1046 3149 1088 3197 30.
1116 3149 1222 3198 Hectoris
1248 3147 1307 3210 ora]
1339 3147 1388 3196 Ore
1415 3143 1516 3194 inimici.

459 3228 543 3276 Amor.
561 3224 622 3273 libro
642 3222 668 3272 ii.
691 3223 760 3289 Eleg.
779 3222 812 3273 ri.
833 3239 896 3272 vers.
918 3223 963 3272 16:
1014 3220 1137 3271 Summam
1163 3237 1192 3271 ac
1219 3220 1319 3271 subdam
1338 3236 1391 3269 esse
1409 3217 1516 3274 laudem,

460 3300 569 3364 Argolico
585 3297 685 3357 Oresta
710 3296 766 3346 vide
784 3305 853 3346 notas
869 3295 901 3345 ad
918 3295 964 3361 Ep.
1015 3310 1089 3361 quum
1106 3296 1162 3361 quis
1178 3297 1210 3345 ab
1226 3295 1294 3344 hoste
1310 3292 1515 3351 laudatur,.dooet

459 3372 581 3423 viiirvers.
591 3371 616 3419 9.
642 3371 806 3420 Herus-Dr
821 3374 901 3419 coraus
918 3373 964 3419 Ar·
1014 3366 1088 3417 Arisl.
1099 3368 1142 3418 lib.
1152 3368 1170 3417 i.
1178 3368 1278 3418 Rhetor.
1311 3367 1383 3417 Cror.

456 3448 540 3513 gotico.
572 3442 693 3491 Pacuvius
703 3444 846 3508 trugoediaur
858 3442 962 3509 scripsit,
1046 3443 1088 3491 st.
1106 3444 1182 3492 Comes
1198 3442 1272 3506 isset]
1296 3440 1410 3491 Heinsius
1429 3448 1513 3506 putat:

374 3506 377 3509 Δ
457 3519 484 3568 iu
494 3533 543 3583 qus
552 3515 719 3565 continebatur
727 3517 846 3581 quomodo
856 3518 962 3576 Orestes,
1013 3518 1219 3576 consummator
1232 3513 1514 3565 possedissemus.

457 3591 557 3658 cupiens
566 3604 581 3637 a
591 3604 617 3637 se
627 3588 701 3637 furias
711 3603 831 3638 removere
841 3606 870 3639 ex
887 3600 962 3641 morte
1012 3606 1036 3638 v.
1047 3590 1071 3638 4.
1079 3591 1120 3639 25.
1130 3590 1234 3656 aliisque
1243 3589 1311 3640 locis.
1327 3589 1443 3645 Atesim,
1455 3587 1515 3653 quia

457 3665 540 3715 matris
548 3670 687 3728 conceptas,
697 3664 819 3711 oraculum
831 3664 959 3723 consuluit,
1011 3671 1082 3728 poeta
1091 3680 1147 3713 curu
1153 3665 1208 3714 aliis
1215 3664 1273 3714 alibi
1283 3664 1514 3715 ususestbocvocs-

456 3738 521 3806 quod
528 3734 658 3803 respondit,
667 3747 693 3786 ut
702 3736 733 3785 ad
744 3735 860 3801 templum
871 3737 958 3787 Diana
1008 3736 1075 3794 bulo,
1085 3738 1190 3787 nondum
1205 3737 1321 3804 sequitur,
1334 3747 1362 3787 ut
1375 3737 1448 3797 edum
1466 3736 1514 3785 boc

455 3813 481 3862 in
490 3812 616 3861 Tauricam
626 3811 746 3875 regionem
756 3810 958 3875 proficisceretur3
1008 3809 1070 3868 loco,
1087 3810 1170 3862 invitis
1186 3810 1258 3861 codd.
1272 3811 1308 3860 ita
1324 3811 1453 3877 legendum
1468 3809 1511 3859 sit.

455 3902 505 3951 quo
514 3901 589 3951 quum
601 3884 754 3949 pervenisset,
763 3884 849 3933 comite
860 3894 885 3934 et
894 3883 957 3936 duce
1007 3883 1122 3933 Hirrus.

454 3959 546 4009 itineris
554 3957 956 4023 Pylade‚‘l'boasrexdemoreeum
1040 3959 1081 4007 ³5.
1101 3959 1143 4008 Est
1161 3962 1231 4008 edors
1251 3962 1340 4009 mireris
1357 3959 1452 4023 picem]
1479 3956 1512 4005 Iu

455 4031 669 4082 mactarevolebat.
702 4033 821 4082 Ceterum
832 4033 957 4098 ignorabat
1006 4034 1093 4080 uberis
1110 4041 1202 4082 veteres
1223 4033 1340 4083 nonnulli.
1373 4033 1436 4083 Puto
1454 4030 1513 4081 scri·

455 4115 508 4156 uter
522 4113 585 4154 esset
595 4105 699 4154 Orestes.
732 4106 837 4172 Pylades
845 4109 955 4161 Orestem
1005 4106 1126 4155 bendum:
1151 4106 1284 4158 letaniam
1299 4112 1325 4157 ἰιι
1339 4111 1427 4157 minas
1438 4110 1513 4171 pletas

453 4195 479 4229 se
490 4195 542 4228 esse
552 4176 680 4243 rospondit,
687 4187 714 4227 ut
722 4180 812 4244 proillo
823 4189 955 4230 necaretur.
1005 4181 1042 4228 orl
1051 4183 1080 4229 uh
1089 4183 1151 4231 horte
1159 4184 1272 4244 probatur
1278 4201 1287 4242 ,·
1305 4191 1347 4231 aut
1354 4185 1511 4245 miuropistas

454 4256 552 4304 Orestes
561 4260 650 4310 autem,
660 4252 695 4301 ita
702 4261 729 4301 ut
737 4263 799 4311 erat,
812 4255 956 4305 Orestemse
1006 4255 1042 4302 vel
1057 4257 1083 4302 ia
1103 4256 1165 4304 hoste
1180 4259 1301 4317 probatur.
1343 4256 1397 4305 Hoc
1413 4255 1509 4305 videtur

453 4346 505 4380 esse
521 4329 700 4397 perseverabat:
714 4346 818 4394 quorum
834 4328 906 4378 fidem
922 4329 957 4378 its
1006 4327 1068 4377 velle
1078 4329 1174 4379 Noster.
1193 4328 1250 4378 'Est
1262 4334 1333 4379 etim
1343 4327 1511 4394 mioehqmfi·

452 4403 532 4453 'l'boas
544 4402 662 4469 probavit,
674 4412 704 4451 ut
718 4403 797 4451 Oresti
812 4403 955 4466 ignosceret.
1004 4405 1051 4460 des,
1063 4403 1177 4455 Aiondel.
1210 4405 1300 4454 nnus
1405 4434 1409 4441 -

452 4475 517 4525 Rem
532 4477 602 4526 aliter
611 4488 636 4525 es
643 4475 741 4542 plenius·
747 4478 817 4525 refert
828 4474 901 4524 Ouid.
912 4475 954 4526 lib.
1038 4479 1079 4527 39.
1095 4477 1249 4543 legendum:

451 4565 486 4597 ιιι
493 4550 525 4599 de
536 4550 620 4609 Ponto,
631 4565 662 4601 ea
675 4550 760 4616 Elegia
769 4565 842 4617 quam
853 4549 885 4599 ad
896 4550 954 4600 Cot·
1038 4552 1070 4599 Ar
1079 4568 1129 4600 m
1138 4553 1410 4616 runspropn'oquanois
1418 4552 1510 4601 mesth-

453 4628 503 4671 tam
512 4623 603 4674 scribit.
1012 4658 1022 4663 ,ι
1099 4627 1230 4683 msam,
1401 4665 1407 4669 .
1467 4662 1473 4672 .
