<?xml version="1.0" encoding="UTF-8"?>
<!DOCTYPE html PUBLIC "-//W3C//DTD XHTML 1.0 Transitional//EN"
    "http://www.w3.org/TR/xhtml1/DTD/xhtml1-transitional.dtd">
<html xmlns="http://www.w3.org/1999/xhtml" xml:lang="en" lang="en">
 <head>
  <title>
</title>
<meta http-equiv="Content-Type" content="text/html;charset=utf-8" />
  <meta name='ocr-system' content='tesseract 3.04.00' />
  <meta name='ocr-capabilities' content='ocr_page ocr_carea ocr_par ocr_line ocrx_word'/>
</head>
<body>
  <div class='ocr_page' id='page_1' title='image "./opera02giergoog_0482.png"; bbox 0 0 3609 5967; ppageno 0'>
   <div class='ocr_carea' id='block_1_1' title="bbox 376 774 1279 887">
    <p class='ocr_par' dir='ltr' id='par_1_1' title="bbox 376 774 1279 887">
     <span class='ocr_line' id='line_1_1' title="bbox 376 774 1279 887; baseline 0.001 -42"><span class='ocrx_word' id='word_1_1' title='bbox 376 865 384 887; x_wconf 74' lang='lat'><em>,</em></span> <span class='ocrx_word' id='word_1_2' title='bbox 513 778 580 849; x_wconf 73' lang='grc'>476</span> <span class='ocrx_word' id='word_1_3' title='bbox 812 776 852 844; x_wconf 88' lang='grc' dir='ltr'>Ρ.</span> <span class='ocrx_word' id='word_1_4' title='bbox 876 776 1040 844; x_wconf 81' lang='lat' dir='ltr'>ovlnn</span> <span class='ocrx_word' id='word_1_5' title='bbox 1064 774 1279 846; x_wconf 71' lang='lat' dir='ltr'>Nasonis</span> 
     </span>
    </p>
   </div>
   <div class='ocr_carea' id='block_1_2' title="bbox 468 951 1570 3027">
    <p class='ocr_par' dir='ltr' id='par_1_2' title="bbox 468 951 1570 3027">
     <span class='ocr_line' id='line_1_2' title="bbox 513 951 1472 1053; baseline 0.006 -28"><span class='ocrx_word' id='word_1_6' title='bbox 513 952 689 1051; x_wconf 84' lang='lat' dir='ltr'>Purpura</span> <span class='ocrx_word' id='word_1_7' title='bbox 705 975 806 1051; x_wconf 84' lang='lat' dir='ltr'>saepe</span> <span class='ocrx_word' id='word_1_8' title='bbox 824 963 912 1026; x_wconf 87' lang='lat' dir='ltr'>tuos</span> <span class='ocrx_word' id='word_1_9' title='bbox 928 951 1079 1049; x_wconf 80' lang='lat' dir='ltr'>fulgens</span> <span class='ocrx_word' id='word_1_10' title='bbox 1096 954 1274 1053; x_wconf 78' lang='lat' dir='ltr'>praetexit</span> <span class='ocrx_word' id='word_1_11' title='bbox 1291 957 1472 1046; x_wconf 83' lang='lat' dir='ltr'>amictus3</span> 
     </span>
     <span class='ocr_line' id='line_1_3' title="bbox 564 1068 1365 1165; baseline 0.005 -23"><span class='ocrx_word' id='word_1_12' title='bbox 564 1068 643 1143; x_wconf 87' lang='lat' dir='ltr'>Sed</span> <span class='ocrx_word' id='word_1_13' title='bbox 659 1093 735 1144; x_wconf 90' lang='lat' dir='ltr'>non</span> <span class='ocrx_word' id='word_1_14' title='bbox 755 1069 966 1144; x_wconf 88' lang='lat' dir='ltr'>Sarmatica</span> <span class='ocrx_word' id='word_1_15' title='bbox 982 1068 1141 1165; x_wconf 84' lang='lat' dir='ltr'>tingitur</span> <span class='ocrx_word' id='word_1_16' title='bbox 1157 1070 1222 1146; x_wconf 93' lang='lat' dir='ltr'>illa</span> <span class='ocrx_word' id='word_1_17' title='bbox 1237 1096 1365 1146; x_wconf 89' lang='lat' dir='ltr'>manu.</span> 
     </span>
     <span class='ocr_line' id='line_1_4' title="bbox 512 1184 1433 1289; baseline 0.01 -34"><span class='ocrx_word' id='word_1_18' title='bbox 512 1184 664 1289; x_wconf 80' lang='lat' dir='ltr'>Vellera</span> <span class='ocrx_word' id='word_1_19' title='bbox 680 1186 775 1261; x_wconf 88' lang='lat' dir='ltr'>dura</span> <span class='ocrx_word' id='word_1_20' title='bbox 791 1185 917 1259; x_wconf 83' lang='lat' dir='ltr'>lerunt</span> <span class='ocrx_word' id='word_1_21' title='bbox 933 1186 1116 1284; x_wconf 88' lang='lat' dir='ltr'>pecudes,</span> <span class='ocrx_word' id='word_1_22' title='bbox 1135 1196 1175 1261; x_wconf 91' lang='lat' dir='ltr'>et</span> <span class='ocrx_word' id='word_1_23' title='bbox 1193 1188 1363 1264; x_wconf 89' lang='lat' dir='ltr'>Palladis</span> <span class='ocrx_word' id='word_1_24' title='bbox 1380 1192 1433 1264; x_wconf 90' lang='lat' dir='ltr'>uti</span> 
     </span>
     <span class='ocr_line' id='line_1_5' title="bbox 562 1301 1570 1381; baseline 0.008 -8"><span class='ocrx_word' id='word_1_25' title='bbox 562 1301 656 1378; x_wconf 89' lang='lat' dir='ltr'>Arte</span> <span class='ocrx_word' id='word_1_26' title='bbox 674 1302 884 1377; x_wconf 76' lang='lat' dir='ltr'>Tomitanae</span> <span class='ocrx_word' id='word_1_27' title='bbox 902 1327 979 1377; x_wconf 92' lang='lat' dir='ltr'>non</span> <span class='ocrx_word' id='word_1_28' title='bbox 995 1303 1164 1379; x_wconf 81' lang='lat' dir='ltr'>didicere</span> <span class='ocrx_word' id='word_1_29' title='bbox 1181 1328 1312 1379; x_wconf 88' lang='lat' dir='ltr'>nurus.</span> <span class='ocrx_word' id='word_1_30' title='bbox 1521 1314 1570 1381; x_wconf 90' lang='lat' dir='ltr'>lo</span> 
     </span>
     <span class='ocr_line' id='line_1_6' title="bbox 515 1416 1395 1518; baseline 0.006 -28"><span class='ocrx_word' id='word_1_31' title='bbox 515 1416 671 1493; x_wconf 84' lang='lat' dir='ltr'><strong>Femina</strong></span> <span class='ocrx_word' id='word_1_32' title='bbox 687 1441 756 1517; x_wconf 89' lang='lat' dir='ltr'>pro</span> <span class='ocrx_word' id='word_1_33' title='bbox 774 1419 862 1494; x_wconf 89' lang='lat' dir='ltr'>lana</span> <span class='ocrx_word' id='word_1_34' title='bbox 880 1420 1055 1496; x_wconf 80' lang='lat' dir='ltr'>Cerealia</span> <span class='ocrx_word' id='word_1_35' title='bbox 1070 1444 1229 1496; x_wconf 86' lang='lat' dir='ltr'>munera</span> <span class='ocrx_word' id='word_1_36' title='bbox 1244 1420 1395 1518; x_wconf 84' lang='lat' dir='ltr'>frangit,</span> 
     </span>
     <span class='ocr_line' id='line_1_7' title="bbox 564 1533 1488 1635; baseline 0.005 -28"><span class='ocrx_word' id='word_1_37' title='bbox 564 1533 849 1634; x_wconf 89' lang='lat' dir='ltr'>Subpositoque</span> <span class='ocrx_word' id='word_1_38' title='bbox 866 1559 1019 1633; x_wconf 84' lang='lat' dir='ltr'>gravem</span> <span class='ocrx_word' id='word_1_39' title='bbox 1037 1536 1178 1611; x_wconf 86' lang='lat' dir='ltr'>vertice</span> <span class='ocrx_word' id='word_1_40' title='bbox 1195 1546 1323 1635; x_wconf 88' lang='lat' dir='ltr'>portat</span> <span class='ocrx_word' id='word_1_41' title='bbox 1340 1561 1488 1635; x_wconf 88' lang='lat' dir='ltr'>aquam.</span> 
     </span>
     <span class='ocr_line' id='line_1_8' title="bbox 514 1648 1418 1751; baseline 0.004 -28"><span class='ocrx_word' id='word_1_42' title='bbox 514 1648 601 1723; x_wconf 90' lang='lat' dir='ltr'>Non</span> <span class='ocrx_word' id='word_1_43' title='bbox 619 1651 679 1724; x_wconf 93' lang='lat' dir='ltr'>hic</span> <span class='ocrx_word' id='word_1_44' title='bbox 697 1652 911 1751; x_wconf 82' lang='lat' dir='ltr'>pampineis</span> <span class='ocrx_word' id='word_1_45' title='bbox 928 1654 1102 1727; x_wconf 81' lang='lat' dir='ltr'>amicitur</span> <span class='ocrx_word' id='word_1_46' title='bbox 1118 1652 1258 1727; x_wconf 87' lang='lat' dir='ltr'>vitibus</span> <span class='ocrx_word' id='word_1_47' title='bbox 1272 1653 1418 1727; x_wconf 88' lang='lat' dir='ltr'>ulmus:</span> 
     </span>
     <span class='ocr_line' id='line_1_9' title="bbox 564 1764 1431 1867; baseline 0.003 -30"><span class='ocrx_word' id='word_1_48' title='bbox 564 1764 681 1841; x_wconf 90' lang='lat' dir='ltr'>Nulla</span> <span class='ocrx_word' id='word_1_49' title='bbox 697 1777 875 1865; x_wconf 88' lang='lat' dir='ltr'>premunt</span> <span class='ocrx_word' id='word_1_50' title='bbox 892 1792 1017 1842; x_wconf 87' lang='lat' dir='ltr'>ramos</span> <span class='ocrx_word' id='word_1_51' title='bbox 1034 1768 1202 1867; x_wconf 88' lang='lat' dir='ltr'>pondere</span> <span class='ocrx_word' id='word_1_52' title='bbox 1219 1791 1334 1867; x_wconf 91' lang='lat' dir='ltr'>poma</span> <span class='ocrx_word' id='word_1_53' title='bbox 1351 1793 1431 1842; x_wconf 88' lang='lat' dir='ltr'>suo.</span> 
     </span>
     <span class='ocr_line' id='line_1_10' title="bbox 512 1882 1567 1983; baseline 0.003 -26"><span class='ocrx_word' id='word_1_54' title='bbox 512 1882 652 1957; x_wconf 87' lang='lat' dir='ltr'>Tristia</span> <span class='ocrx_word' id='word_1_55' title='bbox 668 1882 856 1958; x_wconf 80' lang='lat' dir='ltr'>deformes</span> <span class='ocrx_word' id='word_1_56' title='bbox 874 1884 1025 1981; x_wconf 86' lang='lat' dir='ltr'>pariunt</span> <span class='ocrx_word' id='word_1_57' title='bbox 1041 1883 1232 1958; x_wconf 89' lang='lat' dir='ltr'>absinthia</span> <span class='ocrx_word' id='word_1_58' title='bbox 1249 1885 1387 1983; x_wconf 88' lang='lat' dir='ltr'>campi,</span> <span class='ocrx_word' id='word_1_59' title='bbox 1517 1890 1567 1960; x_wconf 78' lang='lat'>15</span> 
     </span>
     <span class='ocr_line' id='line_1_11' title="bbox 562 1998 1454 2099; baseline 0.001 -26"><span class='ocrx_word' id='word_1_60' title='bbox 562 1998 754 2097; x_wconf 86' lang='lat' dir='ltr'>Terraque</span> <span class='ocrx_word' id='word_1_61' title='bbox 772 1998 965 2075; x_wconf 85' lang='lat' dir='ltr'>defructu</span> <span class='ocrx_word' id='word_1_62' title='bbox 983 2022 1098 2099; x_wconf 88' lang='lat' dir='ltr'>quam</span> <span class='ocrx_word' id='word_1_63' title='bbox 1116 2002 1168 2075; x_wconf 88' lang='lat' dir='ltr'>sit</span> <span class='ocrx_word' id='word_1_64' title='bbox 1185 2024 1313 2077; x_wconf 88' lang='lat' dir='ltr'>amara</span> <span class='ocrx_word' id='word_1_65' title='bbox 1330 2003 1454 2075; x_wconf 88' lang='lat' dir='ltr'>docet.</span> 
     </span>
     <span class='ocr_line' id='line_1_12' title="bbox 513 2112 1283 2212; baseline 0 -21"><span class='ocrx_word' id='word_1_66' title='bbox 513 2115 579 2191; x_wconf 92' lang='lat' dir='ltr'>Nil</span> <span class='ocrx_word' id='word_1_67' title='bbox 595 2115 711 2211; x_wconf 84' lang='lat' dir='ltr'>igitur</span> <span class='ocrx_word' id='word_1_68' title='bbox 727 2123 808 2189; x_wconf 80' lang='lat' dir='ltr'>lota</span> <span class='ocrx_word' id='word_1_69' title='bbox 825 2112 940 2189; x_wconf 88' lang='lat' dir='ltr'>Ponti</span> <span class='ocrx_word' id='word_1_70' title='bbox 959 2116 1112 2212; x_wconf 71' lang='lat' dir='ltr'>regione</span> <span class='ocrx_word' id='word_1_71' title='bbox 1128 2116 1283 2205; x_wconf 78' lang='lat' dir='ltr'>sinistri,</span> 
     </span>
     <span class='ocr_line' id='line_1_13' title="bbox 561 2229 1418 2333; baseline 0.002 -28"><span class='ocrx_word' id='word_1_72' title='bbox 561 2229 673 2316; x_wconf 86' lang='lat' dir='ltr'>Quod</span> <span class='ocrx_word' id='word_1_73' title='bbox 692 2253 777 2305; x_wconf 88' lang='lat' dir='ltr'>mea</span> <span class='ocrx_word' id='word_1_74' title='bbox 794 2231 977 2308; x_wconf 80' lang='lat' dir='ltr'>sedulitas</span> <span class='ocrx_word' id='word_1_75' title='bbox 994 2234 1145 2308; x_wconf 86' lang='lat' dir='ltr'>mittere</span> <span class='ocrx_word' id='word_1_76' title='bbox 1163 2246 1306 2333; x_wconf 78' lang='lat' dir='ltr'>posset,</span> <span class='ocrx_word' id='word_1_77' title='bbox 1325 2244 1418 2309; x_wconf 88' lang='lat' dir='ltr'>erat.</span> 
     </span>
     <span class='ocr_line' id='line_1_14' title="bbox 512 2349 1500 2450; baseline 0 -27"><span class='ocrx_word' id='word_1_78' title='bbox 512 2350 656 2423; x_wconf 89' lang='lat' dir='ltr'>Clausa</span> <span class='ocrx_word' id='word_1_79' title='bbox 671 2359 799 2425; x_wconf 88' lang='lat' dir='ltr'>tamen</span> <span class='ocrx_word' id='word_1_80' title='bbox 817 2349 903 2424; x_wconf 86' lang='lat' dir='ltr'>misi</span> <span class='ocrx_word' id='word_1_81' title='bbox 923 2350 1108 2450; x_wconf 87' lang='lat' dir='ltr'>Scythica</span> <span class='ocrx_word' id='word_1_82' title='bbox 1123 2350 1193 2426; x_wconf 94' lang='lat' dir='ltr'>tibi</span> <span class='ocrx_word' id='word_1_83' title='bbox 1211 2352 1290 2425; x_wconf 88' lang='lat' dir='ltr'>tela</span> <span class='ocrx_word' id='word_1_84' title='bbox 1306 2351 1500 2450; x_wconf 86' lang='lat' dir='ltr'>pharetra:</span> 
     </span>
     <span class='ocr_line' id='line_1_15' title="bbox 563 2464 1560 2565; baseline 0.001 -28"><span class='ocrx_word' id='word_1_85' title='bbox 563 2464 696 2553; x_wconf 89' lang='lat' dir='ltr'>Hoste,</span> <span class='ocrx_word' id='word_1_86' title='bbox 715 2489 861 2565; x_wconf 87' lang='lat' dir='ltr'>precor,</span> <span class='ocrx_word' id='word_1_87' title='bbox 880 2466 974 2541; x_wconf 89' lang='lat' dir='ltr'>fiant</span> <span class='ocrx_word' id='word_1_88' title='bbox 990 2467 1056 2542; x_wconf 90' lang='lat' dir='ltr'>illa</span> <span class='ocrx_word' id='word_1_89' title='bbox 1072 2477 1230 2542; x_wconf 90' lang='lat' dir='ltr'>cruenta</span> <span class='ocrx_word' id='word_1_90' title='bbox 1246 2478 1325 2542; x_wconf 88' lang='lat' dir='ltr'>tuo.</span> <span class='ocrx_word' id='word_1_91' title='bbox 1508 2470 1560 2538; x_wconf 81' lang='lat'>20</span> 
     </span>
     <span class='ocr_line' id='line_1_16' title="bbox 514 2580 1558 2672; baseline 0.001 -18"><span class='ocrx_word' id='word_1_92' title='bbox 514 2580 594 2655; x_wconf 89' lang='lat' dir='ltr'>Hos</span> <span class='ocrx_word' id='word_1_93' title='bbox 605 2582 720 2655; x_wconf 82' lang='lat' dir='ltr'>habet</span> <span class='ocrx_word' id='word_1_94' title='bbox 730 2581 812 2655; x_wconf 85' lang='lat' dir='ltr'>haec</span> <span class='ocrx_word' id='word_1_95' title='bbox 823 2582 1002 2672; x_wconf 85' lang='lat' dir='ltr'>calamos,</span> <span class='ocrx_word' id='word_1_96' title='bbox 1014 2584 1084 2659; x_wconf 87' lang='lat' dir='ltr'>hos</span> <span class='ocrx_word' id='word_1_97' title='bbox 1094 2584 1176 2659; x_wconf 74' lang='lat' dir='ltr'>haec</span> <span class='ocrx_word' id='word_1_98' title='bbox 1187 2584 1303 2659; x_wconf 86' lang='lat' dir='ltr'>habet</span> <span class='ocrx_word' id='word_1_99' title='bbox 1314 2606 1381 2657; x_wconf 89' lang='lat' dir='ltr'>ora</span> <span class='ocrx_word' id='word_1_100' title='bbox 1394 2582 1558 2655; x_wconf 89' lang='lat' dir='ltr'>libellos:</span> 
     </span>
     <span class='ocr_line' id='line_1_17' title="bbox 563 2696 1458 2793; baseline 0 -24"><span class='ocrx_word' id='word_1_101' title='bbox 563 2696 656 2771; x_wconf 84' lang='lat' dir='ltr'>Haec</span> <span class='ocrx_word' id='word_1_102' title='bbox 674 2696 775 2793; x_wconf 87' lang='lat' dir='ltr'>viget</span> <span class='ocrx_word' id='word_1_103' title='bbox 792 2697 831 2771; x_wconf 91' lang='lat' dir='ltr'>in</span> <span class='ocrx_word' id='word_1_104' title='bbox 848 2699 999 2789; x_wconf 89' lang='lat' dir='ltr'>nostris,</span> <span class='ocrx_word' id='word_1_105' title='bbox 1018 2699 1201 2789; x_wconf 79' lang='lat' dir='ltr'>Maxime,</span> <span class='ocrx_word' id='word_1_106' title='bbox 1222 2698 1338 2773; x_wconf 89' lang='lat' dir='ltr'>Musa</span> <span class='ocrx_word' id='word_1_107' title='bbox 1353 2698 1458 2771; x_wconf 88' lang='lat' dir='ltr'>locis.</span> 
     </span>
     <span class='ocr_line' id='line_1_18' title="bbox 468 2810 1559 2914; baseline 0 -29"><span class='ocrx_word' id='word_1_108' title='bbox 468 2900 471 2906; x_wconf 15' lang='grc'><strong><em>4</em></strong></span> <span class='ocrx_word' id='word_1_109' title='bbox 511 2810 606 2897; x_wconf 83' lang='lat' dir='ltr'>Quae</span> <span class='ocrx_word' id='word_1_110' title='bbox 624 2836 843 2913; x_wconf 90' lang='lat' dir='ltr'>quanquam</span> <span class='ocrx_word' id='word_1_111' title='bbox 866 2814 1015 2890; x_wconf 88' lang='lat' dir='ltr'>misisse</span> <span class='ocrx_word' id='word_1_112' title='bbox 1038 2816 1170 2914; x_wconf 88' lang='lat' dir='ltr'>pudet,</span> <span class='ocrx_word' id='word_1_113' title='bbox 1190 2816 1282 2914; x_wconf 89' lang='lat' dir='ltr'>quia</span> <span class='ocrx_word' id='word_1_114' title='bbox 1300 2838 1416 2913; x_wconf 85' lang='lat' dir='ltr'>parva</span> <span class='ocrx_word' id='word_1_115' title='bbox 1431 2813 1559 2886; x_wconf 86' lang='lat' dir='ltr'>videu-</span> 
     </span>
     <span class='ocr_line' id='line_1_19' title="bbox 561 2924 1560 3027; baseline 0 -26"><span class='ocrx_word' id='word_1_116' title='bbox 561 2924 620 3001; x_wconf 83' lang='lat' dir='ltr'>Tu</span> <span class='ocrx_word' id='word_1_117' title='bbox 637 2938 765 3003; x_wconf 87' lang='lat' dir='ltr'>tamen</span> <span class='ocrx_word' id='word_1_118' title='bbox 783 2930 876 3016; x_wconf 76' lang='lat' dir='ltr'>luten,</span> <span class='ocrx_word' id='word_1_119' title='bbox 889 2952 1032 3027; x_wconf 81' lang='lat' dir='ltr'>quoeao,</span> <span class='ocrx_word' id='word_1_120' title='bbox 1043 2932 1200 3008; x_wconf 84' lang='lat' dir='ltr'>consule</span> <span class='ocrx_word' id='word_1_121' title='bbox 1213 2930 1332 3005; x_wconf 88' lang='lat' dir='ltr'>missa</span> <span class='ocrx_word' id='word_1_122' title='bbox 1343 2928 1445 3005; x_wconf 91' lang='lat' dir='ltr'>boni.</span> <span class='ocrx_word' id='word_1_123' title='bbox 1469 2930 1560 3024; x_wconf 90' lang='lat' dir='ltr'>[tur,</span> 
     </span>
    </p>
   </div>
   <div class='ocr_carea' id='block_1_3' title="bbox 498 3141 1562 4318">
    <p class='ocr_par' dir='ltr' id='par_1_3' title="bbox 508 3141 1562 3505">
     <span class='ocr_line' id='line_1_20' title="bbox 510 3141 1562 3210; baseline 0 -19"><span class='ocrx_word' id='word_1_124' title='bbox 510 3141 584 3192; x_wconf 76' lang='lat' dir='ltr'>mittit</span> <span class='ocrx_word' id='word_1_125' title='bbox 600 3142 654 3193; x_wconf 80' lang='lat' dir='ltr'>loca</span> <span class='ocrx_word' id='word_1_126' title='bbox 671 3141 713 3191; x_wconf 81' lang='lat' dir='ltr'>illa</span> <span class='ocrx_word' id='word_1_127' title='bbox 730 3144 799 3193; x_wconf 74' lang='lat' dir='ltr'>armi.</span> <span class='ocrx_word' id='word_1_128' title='bbox 832 3144 910 3203; x_wconf 81' lang='lat' dir='ltr'>Quasi</span> <span class='ocrx_word' id='word_1_129' title='bbox 929 3144 1010 3195; x_wconf 79' lang='lat' dir='ltr'>dicat:</span> <span class='ocrx_word' id='word_1_130' title='bbox 1096 3148 1137 3197; x_wconf 84' lang='lat' dir='ltr'>lo.</span> <span class='ocrx_word' id='word_1_131' title='bbox 1153 3144 1228 3196; x_wconf 76' lang='lat' dir='ltr'>Ludii</span> <span class='ocrx_word' id='word_1_132' title='bbox 1248 3152 1320 3210; x_wconf 70' lang='lat' dir='ltr'>poelt</span> <span class='ocrx_word' id='word_1_133' title='bbox 1334 3158 1400 3192; x_wconf 79' lang='lat' dir='ltr'>nrnre</span> <span class='ocrx_word' id='word_1_134' title='bbox 1414 3159 1458 3192; x_wconf 80' lang='lat' dir='ltr'>ano</span> <span class='ocrx_word' id='word_1_135' title='bbox 1472 3141 1498 3192; x_wconf 86' lang='lat' dir='ltr'>in</span> <span class='ocrx_word' id='word_1_136' title='bbox 1510 3158 1562 3191; x_wconf 80' lang='lat' dir='ltr'>an·</span> 
     </span>
     <span class='ocr_line' id='line_1_21' title="bbox 508 3215 1560 3285; baseline 0 -20"><span class='ocrx_word' id='word_1_137' title='bbox 508 3216 534 3265; x_wconf 87' lang='lat' dir='ltr'>si</span> <span class='ocrx_word' id='word_1_138' title='bbox 542 3216 567 3267; x_wconf 90' lang='lat' dir='ltr'>in</span> <span class='ocrx_word' id='word_1_139' title='bbox 577 3216 621 3267; x_wconf 82' lang='lat' dir='ltr'>hac</span> <span class='ocrx_word' id='word_1_140' title='bbox 632 3215 728 3281; x_wconf 73' lang='lat' dir='ltr'>regium</span> <span class='ocrx_word' id='word_1_141' title='bbox 737 3232 785 3266; x_wconf 91' lang='lat' dir='ltr'>non</span> <span class='ocrx_word' id='word_1_142' title='bbox 796 3226 894 3283; x_wconf 82' lang='lat' dir='ltr'>possunt</span> <span class='ocrx_word' id='word_1_143' title='bbox 904 3217 1012 3268; x_wconf 76' lang='lat' dir='ltr'>hominen</span> <span class='ocrx_word' id='word_1_144' title='bbox 1061 3220 1135 3285; x_wconf 78' lang='lat' dir='ltr'>higna</span> <span class='ocrx_word' id='word_1_145' title='bbox 1145 3218 1210 3269; x_wconf 76' lang='lat' dir='ltr'>vocis</span> <span class='ocrx_word' id='word_1_146' title='bbox 1224 3236 1304 3269; x_wconf 74' lang='lat' dir='ltr'>am</span> <span class='ocrx_word' id='word_1_147' title='bbox 1314 3218 1495 3283; x_wconf 77' lang='lat' dir='ltr'>significatione,</span> <span class='ocrx_word' id='word_1_148' title='bbox 1506 3233 1560 3283; x_wconf 89' lang='lat' dir='ltr'>pro·</span> 
     </span>
     <span class='ocr_line' id='line_1_22' title="bbox 508 3290 1561 3360; baseline 0.011 -22"><span class='ocrx_word' id='word_1_149' title='bbox 508 3306 592 3356; x_wconf 76' lang='lat' dir='ltr'>agr-nm</span> <span class='ocrx_word' id='word_1_150' title='bbox 607 3291 685 3341; x_wconf 83' lang='lat' dir='ltr'>colere</span> <span class='ocrx_word' id='word_1_151' title='bbox 695 3292 725 3341; x_wconf 84' lang='lat' dir='ltr'>ob</span> <span class='ocrx_word' id='word_1_152' title='bbox 736 3290 847 3341; x_wconf 70' lang='lat' dir='ltr'>insulem</span> <span class='ocrx_word' id='word_1_153' title='bbox 858 3290 975 3349; x_wconf 78' lang='lat' dir='ltr'>timorem,</span> <span class='ocrx_word' id='word_1_154' title='bbox 986 3302 1012 3343; x_wconf 78' lang='lat' dir='ltr'>et</span> <span class='ocrx_word' id='word_1_155' title='bbox 1060 3295 1113 3360; x_wconf 78' lang='lat' dir='ltr'>prin</span> <span class='ocrx_word' id='word_1_156' title='bbox 1127 3302 1154 3344; x_wconf 78' lang='lat' dir='ltr'>et</span> <span class='ocrx_word' id='word_1_157' title='bbox 1170 3294 1286 3344; x_wconf 67' lang='lat' dir='ltr'>naalma</span> <span class='ocrx_word' id='word_1_158' title='bbox 1298 3308 1342 3358; x_wconf 88' lang='lat' dir='ltr'>pro</span> <span class='ocrx_word' id='word_1_159' title='bbox 1359 3290 1430 3353; x_wconf 73' lang='lat' dir='ltr'>tristi,</span> <span class='ocrx_word' id='word_1_160' title='bbox 1442 3290 1519 3340; x_wconf 64' lang='lat' dir='ltr'>imin</span> <span class='ocrx_word' id='word_1_161' title='bbox 1534 3298 1561 3338; x_wconf 72' lang='lat'>0¹</span> 
     </span>
     <span class='ocr_line' id='line_1_23' title="bbox 508 3364 1560 3434; baseline 0.003 -21"><span class='ocrx_word' id='word_1_162' title='bbox 508 3364 661 3423; x_wconf 72' lang='lat' dir='ltr'>incursiones,</span> <span class='ocrx_word' id='word_1_163' title='bbox 670 3365 745 3415; x_wconf 83' lang='lat' dir='ltr'>multo</span> <span class='ocrx_word' id='word_1_164' title='bbox 756 3366 835 3415; x_wconf 76' lang='lat' dir='ltr'>minua</span> <span class='ocrx_word' id='word_1_165' title='bbox 847 3382 899 3417; x_wconf 83' lang='lat' dir='ltr'>enm</span> <span class='ocrx_word' id='word_1_166' title='bbox 911 3367 1010 3417; x_wconf 80' lang='lat' dir='ltr'>obcnu·</span> <span class='ocrx_word' id='word_1_167' title='bbox 1060 3369 1169 3420; x_wconf 81' lang='lat' dir='ltr'>molesta.</span> <span class='ocrx_word' id='word_1_168' title='bbox 1202 3368 1272 3417; x_wconf 73' lang='lat' dir='ltr'>Man</span> <span class='ocrx_word' id='word_1_169' title='bbox 1291 3368 1319 3416; x_wconf 88' lang='lat' dir='ltr'>h.</span> <span class='ocrx_word' id='word_1_170' title='bbox 1336 3383 1358 3416; x_wconf 88' lang='lat' dir='ltr'>e.</span> <span class='ocrx_word' id='word_1_171' title='bbox 1375 3374 1439 3434; x_wconf 72' lang='lat' dir='ltr'>artes</span> <span class='ocrx_word' id='word_1_172' title='bbox 1458 3365 1560 3431; x_wconf 69' lang='lat' dir='ltr'>Scytha-</span> 
     </span>
     <span class='ocr_line' id='line_1_24' title="bbox 508 3438 1266 3505; baseline 0.007 -19"><span class='ocrx_word' id='word_1_173' title='bbox 508 3438 825 3505; x_wconf 77' lang='lat' dir='ltr'>rampoirnntnralodere.</span> <span class='ocrx_word' id='word_1_174' title='bbox 1059 3456 1120 3491; x_wconf 87' lang='lat' dir='ltr'>rum.</span> <span class='ocrx_word' id='word_1_175' title='bbox 1152 3442 1266 3492; x_wconf 73' lang='lat' dir='ltr'>llantur.</span> 
     </span>
    </p>

    <p class='ocr_par' dir='ltr' id='par_1_4' title="bbox 506 3511 1561 4019">
     <span class='ocr_line' id='line_1_25' title="bbox 542 3511 1561 3580; baseline 0.004 -19"><span class='ocrx_word' id='word_1_176' title='bbox 542 3514 566 3561; x_wconf 83' lang='grc'>8.</span> <span class='ocrx_word' id='word_1_177' title='bbox 583 3511 712 3561; x_wconf 72' lang='lat' dir='ltr'>&amp;motion</span> <span class='ocrx_word' id='word_1_178' title='bbox 728 3514 820 3577; x_wconf 71' lang='lat' dir='ltr'>man]</span> <span class='ocrx_word' id='word_1_179' title='bbox 839 3512 879 3563; x_wconf 83' lang='lat' dir='ltr'>Sic</span> <span class='ocrx_word' id='word_1_180' title='bbox 895 3514 957 3563; x_wconf 76' lang='lat' dir='ltr'>bene</span> <span class='ocrx_word' id='word_1_181' title='bbox 972 3529 1008 3563; x_wconf 81' lang='lat' dir='ltr'>re·</span> <span class='ocrx_word' id='word_1_182' title='bbox 1094 3518 1133 3567; x_wconf 84' lang='grc' dir='ltr'>Π.</span> <span class='ocrx_word' id='word_1_183' title='bbox 1150 3515 1345 3580; x_wconf 54' lang='lat' dir='ltr'>Pavidum]</span> <span class='ocrx_word' id='word_1_184' title='bbox 1364 3515 1470 3565; x_wconf 69' lang='lat' dir='ltr'>Pontion</span> <span class='ocrx_word' id='word_1_185' title='bbox 1483 3514 1561 3579; x_wconf 69' lang='lat' dir='ltr'>regio·</span> 
     </span>
     <span class='ocr_line' id='line_1_26' title="bbox 509 3585 1561 3653; baseline 0.001 -18"><span class='ocrx_word' id='word_1_186' title='bbox 509 3585 603 3652; x_wconf 78' lang='lat' dir='ltr'>scripsit</span> <span class='ocrx_word' id='word_1_187' title='bbox 627 3586 710 3635; x_wconf 85' lang='lat' dir='ltr'>Burm.</span> <span class='ocrx_word' id='word_1_188' title='bbox 731 3602 802 3652; x_wconf 85' lang='lat' dir='ltr'>quern</span> <span class='ocrx_word' id='word_1_189' title='bbox 822 3586 886 3645; x_wconf 82' lang='lat' dir='ltr'>vide,</span> <span class='ocrx_word' id='word_1_190' title='bbox 904 3604 919 3637; x_wconf 88' lang='lat' dir='ltr'>e</span> <span class='ocrx_word' id='word_1_191' title='bbox 938 3588 1009 3638; x_wconf 83' lang='lat' dir='ltr'>codd.</span> <span class='ocrx_word' id='word_1_192' title='bbox 1058 3590 1096 3640; x_wconf 83' lang='lat' dir='ltr'>nir</span> <span class='ocrx_word' id='word_1_193' title='bbox 1105 3591 1220 3653; x_wconf 51' lang='lat' dir='ltr'>infelicia</span> <span class='ocrx_word' id='word_1_194' title='bbox 1236 3588 1268 3640; x_wconf 82' lang='lat' dir='ltr'>ad</span> <span class='ocrx_word' id='word_1_195' title='bbox 1282 3590 1370 3641; x_wconf 69' lang='lat' dir='ltr'>lavam</span> <span class='ocrx_word' id='word_1_196' title='bbox 1384 3587 1472 3639; x_wconf 83' lang='lat' dir='ltr'>Euxini</span> <span class='ocrx_word' id='word_1_197' title='bbox 1486 3587 1561 3637; x_wconf 75' lang='lat' dir='ltr'>marin</span> 
     </span>
     <span class='ocr_line' id='line_1_27' title="bbox 508 3660 1119 3715; baseline 0.005 -4"><span class='ocrx_word' id='word_1_198' title='bbox 508 3662 648 3711; x_wconf 65' lang='lat' dir='ltr'>Primoula</span> <span class='ocrx_word' id='word_1_199' title='bbox 657 3660 750 3711; x_wconf 74' lang='lat' dir='ltr'>duabus</span> <span class='ocrx_word' id='word_1_200' title='bbox 759 3660 820 3711; x_wconf 81' lang='lat' dir='ltr'>aliis.</span> <span class='ocrx_word' id='word_1_201' title='bbox 830 3661 853 3711; x_wconf 83' lang='lat' dir='ltr'>l.</span> <span class='ocrx_word' id='word_1_202' title='bbox 865 3678 887 3711; x_wconf 87' lang='lat' dir='ltr'>e.</span> <span class='ocrx_word' id='word_1_203' title='bbox 896 3678 943 3711; x_wconf 89' lang='lat' dir='ltr'>non</span> <span class='ocrx_word' id='word_1_204' title='bbox 953 3670 1009 3711; x_wconf 75' lang='lat' dir='ltr'>runt</span> <span class='ocrx_word' id='word_1_205' title='bbox 1057 3665 1119 3715; x_wconf 66' lang='lat' dir='ltr'>ritu.</span> 
     </span>
     <span class='ocr_line' id='line_1_28' title="bbox 507 3733 1560 3801; baseline -0.003 -16"><span class='ocrx_word' id='word_1_206' title='bbox 507 3734 610 3785; x_wconf 74' lang='lat' dir='ltr'>artifices</span> <span class='ocrx_word' id='word_1_207' title='bbox 620 3734 646 3783; x_wconf 93' lang='lat' dir='ltr'>in</span> <span class='ocrx_word' id='word_1_208' title='bbox 658 3734 784 3793; x_wconf 64' lang='lat' dir='ltr'>Sarmatia</span> <span class='ocrx_word' id='word_1_209' title='bbox 795 3735 836 3801; x_wconf 90' lang='lat' dir='ltr'>qui</span> <span class='ocrx_word' id='word_1_210' title='bbox 847 3736 955 3801; x_wconf 71' lang='lat' dir='ltr'>tinguere</span> <span class='ocrx_word' id='word_1_211' title='bbox 966 3750 1009 3785; x_wconf 87' lang='lat' dir='ltr'>no·</span> <span class='ocrx_word' id='word_1_212' title='bbox 1089 3740 1132 3789; x_wconf 70' lang='lat' dir='ltr'>w.</span> <span class='ocrx_word' id='word_1_213' title='bbox 1148 3738 1220 3788; x_wconf 75' lang='lat' dir='ltr'>Fiunt</span> <span class='ocrx_word' id='word_1_214' title='bbox 1235 3737 1356 3801; x_wconf 59' lang='lat' dir='ltr'>mro]</span> <span class='ocrx_word' id='word_1_215' title='bbox 1377 3736 1466 3785; x_wconf 77' lang='lat' dir='ltr'>cruore</span> <span class='ocrx_word' id='word_1_216' title='bbox 1479 3733 1560 3783; x_wconf 69' lang='lat' dir='ltr'>hostili</span> 
     </span>
     <span class='ocr_line' id='line_1_29' title="bbox 507 3806 1479 3878; baseline 0.001 -22"><span class='ocrx_word' id='word_1_217' title='bbox 507 3806 700 3874; x_wconf 83' lang='lat' dir='ltr'>rintpurpurnrn.</span> <span class='ocrx_word' id='word_1_218' title='bbox 725 3810 901 3859; x_wconf 67' lang='lat' dir='ltr'>Maeuianum</span> <span class='ocrx_word' id='word_1_219' title='bbox 914 3809 1007 3876; x_wconf 77' lang='lat' dir='ltr'>‹leope-</span> <span class='ocrx_word' id='word_1_220' title='bbox 1058 3808 1479 3878; x_wconf 72' lang='lat' dir='ltr'>madeant,qnnninpoelinmibir.</span> 
     </span>
     <span class='ocr_line' id='line_1_30' title="bbox 506 3880 1556 3949; baseline 0 -20"><span class='ocrx_word' id='word_1_221' title='bbox 506 3880 572 3930; x_wconf 80' lang='lat' dir='ltr'>ribru</span> <span class='ocrx_word' id='word_1_222' title='bbox 589 3880 707 3931; x_wconf 79' lang='lat' dir='ltr'>artificum</span> <span class='ocrx_word' id='word_1_223' title='bbox 726 3883 897 3949; x_wconf 73' lang='lat' dir='ltr'>cujuscumque</span> <span class='ocrx_word' id='word_1_224' title='bbox 913 3884 1008 3949; x_wconf 72' lang='lat' dir='ltr'>genens</span> <span class='ocrx_word' id='word_1_225' title='bbox 1089 3888 1129 3935; x_wconf 76' lang='lat'>21.</span> <span class='ocrx_word' id='word_1_226' title='bbox 1150 3886 1200 3935; x_wconf 77' lang='lat' dir='ltr'>Hor</span> <span class='ocrx_word' id='word_1_227' title='bbox 1218 3884 1338 3948; x_wconf 58' lang='lat' dir='ltr'>auhn]</span> <span class='ocrx_word' id='word_1_228' title='bbox 1361 3884 1420 3932; x_wconf 71' lang='lat' dir='ltr'>Hac</span> <span class='ocrx_word' id='word_1_229' title='bbox 1437 3880 1556 3932; x_wconf 68' lang='lat' dir='ltr'>wribendi</span> 
     </span>
     <span class='ocr_line' id='line_1_31' title="bbox 506 3955 1556 4019; baseline 0.001 -16"><span class='ocrx_word' id='word_1_230' title='bbox 506 3955 709 4019; x_wconf 77' lang='lat' dir='ltr'>pnm&#39;notunraal.</span> <span class='ocrx_word' id='word_1_231' title='bbox 742 3956 857 4006; x_wconf 76' lang='lat' dir='ltr'>liunus.</span> <span class='ocrx_word' id='word_1_232' title='bbox 1057 3961 1227 4011; x_wconf 70' lang='lat' dir='ltr'>instrumenta:</span> <span class='ocrx_word' id='word_1_233' title='bbox 1252 3974 1309 4009; x_wconf 77' lang='lat' dir='ltr'>nani</span> <span class='ocrx_word' id='word_1_234' title='bbox 1330 3957 1434 4008; x_wconf 77' lang='lat' dir='ltr'>Romani</span> <span class='ocrx_word' id='word_1_235' title='bbox 1456 3955 1556 4006; x_wconf 71' lang='lat' dir='ltr'>ulmis</span> 
     </span>
    </p>

    <p class='ocr_par' dir='ltr' id='par_1_5' title="bbox 498 4028 1556 4318">
     <span class='ocr_line' id='line_1_32' title="bbox 539 4028 1556 4100; baseline 0.011 -23"><span class='ocrx_word' id='word_1_236' title='bbox 539 4030 564 4077; x_wconf 88' lang='lat'>9.</span> <span class='ocrx_word' id='word_1_237' title='bbox 584 4029 631 4077; x_wconf 75' lang='lat' dir='ltr'>An</span> <span class='ocrx_word' id='word_1_238' title='bbox 657 4028 770 4077; x_wconf 74' lang='lat' dir='ltr'>Palladis.</span> <span class='ocrx_word' id='word_1_239' title='bbox 797 4037 835 4079; x_wconf 77' lang='lat' dir='ltr'>nrt</span> <span class='ocrx_word' id='word_1_240' title='bbox 864 4029 1005 4090; x_wconf 72' lang='lat' dir='ltr'>lanificium,</span> <span class='ocrx_word' id='word_1_241' title='bbox 1056 4031 1556 4100; x_wconf 64' lang='lat' dir='ltr'>rcnounnsqthoeverornginufaeimn</span> 
     </span>
     <span class='ocr_line' id='line_1_33' title="bbox 506 4100 1556 4174; baseline 0.004 -23"><span class='ocrx_word' id='word_1_242' title='bbox 506 4100 575 4168; x_wconf 77' lang='lat' dir='ltr'>cujus</span> <span class='ocrx_word' id='word_1_243' title='bbox 590 4101 707 4152; x_wconf 76' lang='lat' dir='ltr'>inventrix</span> <span class='ocrx_word' id='word_1_244' title='bbox 724 4102 805 4153; x_wconf 75' lang='lat' dir='ltr'>Pallas</span> <span class='ocrx_word' id='word_1_245' title='bbox 819 4103 891 4152; x_wconf 83' lang='lat' dir='ltr'>luisse</span> <span class='ocrx_word' id='word_1_246' title='bbox 908 4103 1005 4154; x_wconf 86' lang='lat' dir='ltr'>dicitur.</span> <span class='ocrx_word' id='word_1_247' title='bbox 1056 4106 1556 4174; x_wconf 60' lang='lat' dir='ltr'>quasquoridietranlnunntnosRonani</span> 
     </span>
     <span class='ocr_line' id='line_1_34' title="bbox 507 4174 1284 4234; baseline 0.009 -8"><span class='ocrx_word' id='word_1_248' title='bbox 507 4177 607 4227; x_wconf 70' lang='lat' dir='ltr'>Meum.</span> <span class='ocrx_word' id='word_1_249' title='bbox 626 4174 658 4227; x_wconf 79' lang='lat' dir='ltr'>vi.</span> <span class='ocrx_word' id='word_1_250' title='bbox 675 4176 725 4225; x_wconf 82' lang='lat' dir='ltr'>lab.</span> <span class='ocrx_word' id='word_1_251' title='bbox 747 4177 764 4226; x_wconf 90' lang='lat' dir='ltr'>i.</span> <span class='ocrx_word' id='word_1_252' title='bbox 798 4180 887 4227; x_wconf 68' lang='lat' dir='ltr'>Cnosi.</span> <span class='ocrx_word' id='word_1_253' title='bbox 909 4196 1006 4229; x_wconf 73' lang='lat' dir='ltr'>musra</span> <span class='ocrx_word' id='word_1_254' title='bbox 1056 4182 1284 4234; x_wconf 74' lang='lat' dir='ltr'>libroactcalamor.</span> 
     </span>
     <span class='ocr_line' id='line_1_35' title="bbox 498 4250 1006 4318; baseline 0.01 -18"><span class='ocrx_word' id='word_1_255' title='bbox 498 4250 904 4318; x_wconf 66' lang='lat' dir='ltr'>frauginlnaurolilirumeutnm.</span> <span class='ocrx_word' id='word_1_256' title='bbox 920 4252 1006 4305; x_wconf 80' lang='lat' dir='ltr'>Hm..</span> 
     </span>
    </p>
   </div>
   <div class='ocr_carea' id='block_1_4' title="bbox 0 0 1810 5967">
    <p class='ocr_par' dir='ltr' id='par_1_6' title="bbox 0 0 1810 5967">
     <span class='ocr_line' id='line_1_36' title="bbox 0 0 1810 5967; baseline 0 5"><span class='ocrx_word' id='word_1_257' title='bbox 0 0 1810 5967; x_wconf 95' lang='lat' dir='ltr'> </span> 
     </span>
    </p>
   </div>
  </div>
 </body>
</html>
