3609 5967
525 755 761 825 rnlsrmu
783 755 875 823 LIB.
900 755 930 823 1.
954 757 1093 827 Beue.
1116 759 1160 826 V.
1306 762 1370 829 161

685 1013 914 1090 ELEGIA
951 1015 999 1090 V.

315 1168 351 1242 Ο
372 1191 473 1242 ιιιιιι
492 1176 579 1267 post
595 1165 692 1240 ullos
711 1188 908 1263 nunquam
926 1166 1170 1243 memorande
1188 1168 1352 1258 sodales,

365 1284 400 1358 Ο
419 1284 480 1359 cui
498 1282 690 1383 praecipue
708 1305 790 1355 sors
807 1304 894 1356 mea
909 1280 990 1356 visa
1006 1306 1077 1358 sua
1093 1293 1173 1373 est;

312 1400 537 1477 Adtonitum
554 1399 622 1498 qui
639 1422 714 1485 me,
734 1398 902 1485 memini,
922 1398 1127 1488 carissime,
1145 1399 1290 1500 primus

298 1503 304 1513 ¹
363 1516 491 1591 Ausus
508 1540 550 1591 es
569 1514 751 1613 adloquio
769 1514 997 1590 sustinuisse
1012 1526 1103 1606 tuo;

274 1622 278 1631 ¹
312 1630 388 1717 Qui
406 1633 499 1706 mihi
516 1630 719 1706 consilium
735 1629 883 1704 vivendi
902 1630 993 1705 mite
1010 1631 1162 1719 dedisti,
1340 1639 1364 1710 5

363 1748 492 1833 Quum
508 1749 605 1823 foret
621 1746 660 1821 in
677 1745 815 1821 misero
832 1758 988 1846 pectore
1005 1748 1136 1824 mortis
1154 1771 1280 1839 amor3
1441 1845 1445 1853 Χ

313 1863 399 1939 Scis
416 1866 528 1953 bene,
546 1864 608 1938 cui
625 1863 762 1968 dicam,
781 1862 915 1961 positis
933 1886 1002 1961 pro
1019 1863 1170 1939 nomine
1187 1864 1327 1963 signis;

363 1981 540 2055 Officium
558 2003 629 2079 nep
646 1989 686 2052 te
702 1977 810 2064 fallit,
829 1977 964 2065 amice,
982 1988 1103 2053 tuum.

312 2094 407 2171 Haec
423 2097 516 2171 mihi
533 2119 684 2195 semper
697 2104 809 2169 erunt
825 2094 912 2169 imis
929 2093 1047 2171 infixa
1062 2095 1252 2184 medullis,

360 2211 651 2313 Perpetuusque
668 2210 804 2285 animae
822 2209 973 2285 debitor
989 2211 1104 2311 hujus
1122 2236 1200 2288 ero.
1317 2217 1363 2287 10

312 2329 474 2429 Spiritus
491 2341 530 2405 et
545 2351 685 2404 vacuas
703 2327 808 2427 prius
825 2327 886 2402 hie
905 2329 1122 2403 tenuandus
1143 2328 1183 2403 in
1199 2351 1311 2404 auras

361 2446 451 2533 Ibit,
470 2446 563 2520 etin
579 2445 710 2544 tepido
727 2443 878 2518 deseret
895 2467 984 2517 ossa
1000 2467 1105 2540 rogo,

310 2560 436 2647 Quam
453 2562 616 2636 subeant
632 2560 756 2634 animo
774 2560 993 2633 meritorum
1013 2559 1153 2635 oblivia
1169 2571 1311 2647 nostro,

363 2676 415 2751 Et
431 2678 547 2775 longa
562 2676 686 2776 pietas
704 2674 859 2750 excidat
874 2675 950 2750 ista
966 2677 1041 2751 die.

311 2793 362 2867 Dl
379 2793 450 2867 tibi
469 2791 545 2866 sint
559 2791 705 2878 faciles,
721 2801 761 2864 et
778 2791 863 2888 opis
881 2790 1020 2864 nullius
1037 2799 1213 2889 egentem
1318 2794 1363 2865 15

361 2909 566 2984 Fortunam
583 2917 775 3007 praestent,
792 2906 1092 3007 dissimilemque
1109 2930 1217 2982 meae.
1263 2988 1266 2991 ,

310 3025 352 3100 Si
370 3034 499 3100 tamen
516 3025 597 3098 haec
615 3024 721 3098 navis
738 3034 851 3098 vento
868 3023 1029 3098 serretur
1045 3023 1180 3111 amico,

359 3140 601 3239 lgnoraretur
617 3140 774 3214 forsitan
793 3140 867 3214 ista
882 3138 992 3214 fides.

308 3255 457 3331 Thesea
474 3255 667 3330 Pirithous
682 3278 758 3329 non
776 3264 855 3330 tam
872 3254 1056 3328 sensisset
1072 3253 1249 3341 amicum,
1357 3268 1361 3278 ·

361 3371 403 3445 Si
421 3396 497 3446 non
515 3371 679 3447 infernas
697 3371 803 3445 vivus
822 3371 966 3446 adisset
980 3394 1122 3470 aquas:
1310 3376 1360 3447 20

313 3486 367 3562 Ut
382 3487 478 3563 soret
494 3488 713 3587 exemplum
730 3486 808 3562 veri
827 3487 1015 3562 Phocaeus
1032 3487 1182 3574 amoris,

360 3603 547 3679 Fecemnt
562 3604 682 3692 furiae,
701 3604 819 3679 tristis
839 3604 990 3693 Oresta,
1009 3616 1097 3679 tuae.
1165 3624 1168 3629 ·

340 3788 809 3854 6.Qmseminnimpoetmmr·
858 3796 955 3854 propter
967 3787 1113 3853 Augustum.

308 3863 431 3927 tieem]
450 3863 521 3913 Cous.
532 3863 619 3914 heiti.
633 3863 671 3912 Et.
682 3861 733 3911 viii.
748 3878 809 3912 vers.
894 3863 933 3911 ll.
949 3861 1049 3925 Spiritus
1063 3862 1102 3911 lie
1118 3876 1202 3910 uersas
1217 3864 1284 3925 prise
1299 3870 1359 3913 este·

308 3938 400 3999 ³240.
433 3937 529 3993 Celsus,
547 3953 619 4003 quem
634 3938 697 3986 inter
713 3936 809 4002 pancis-
837 3939 968 4000 Amnem
984 3935 1076 3985 behem
1092 3934 1200 4002 quidam.
1233 3936 1304 3986 Prius
1321 3951 1360 3987 me

307 4010 585 4069 simoeillosennmerst,
593 4010 635 4077 qui
646 4011 677 4060 sb
686 4011 739 4076 ejus
750 4011 809 4060 ami·
859 4009 1029 4061 vindeliciet:
1046 4009 1112 4076 prius
1121 4010 1216 4060 moriar.
1244 4011 1343 4060 Bsnsns.

307 4086 365 4136 citis
378 4102 426 4135 nen
441 4084 705 4143 decurrenteffecit,
717 4092 745 4134 nt
757 4099 809 4133 ms·
852 4106 857 4113 ⁵
891 4085 933 4133 20.
949 4085 1027 4148 Aque
1035 4083 1160 4149 insnum]
1178 4081 1283 4150 lingunt
1294 4082 1360 4145 euim

308 4172 353 4211 uus
370 4176 386 4210 a
405 4159 484 4227 seipso
504 4159 659 4222 susannem
675 4158 718 4209 lib.
738 4158 755 4207 i.
776 4159 809 4209 de
858 4166 945 4226 poete,
967 4159 999 4208 ed
1025 4157 1165 4223 rapiendam
1186 4157 1360 4223 Proserpinam,

309 4233 541 4294 ponentem.
655 4284 657 4289 ,
857 4230 1360 4282 ἰιιιοιοιιάἰὶιιοΤΙιειοιιιιιιοΡίιίιΙιοιιιιι.

342 4308 707 4373 ornamentum
716 4323 809 4366 m,
890 4309 932 4357 sl.
950 4307 1078 4371 rme]
1097 4305 1209 4371 pyrene
1221 4303 1360 4353 minere

375 4382 495 4432 concissi
514 4393 616 4447 praestes
638 4385 664 4430 in
686 4398 735 4431 mes
750 4382 809 4448 saie
858 4374 918 4448 phii,
929 4381 971 4447 qui
981 4396 1023 4430 rex
1036 4378 1150 4429 Phocidis
1160 4376 1213 4427 tuin

406 4473 495 4506 nonu.
515 4496 519 4501 .
892 4454 1016 4518 Phocais]
1035 4452 1059 4503 h.
1070 4468 1093 4503 e.
1107 4450 1221 4514 Pylsdes,
1232 4463 1247 4498 e
1260 4450 1359 4509 donoc,

342 4529 366 4577 7.
384 4528 465 4580 Positis
471 4549 515 4596 pse
523 4534 614 4580 mine
623 4531 716 4597 signin]
734 4530 808 4581 Vere·
861 4528 1001 4585 Phocensis,
1012 4534 1055 4576 sut
1068 4541 1084 4574 s
1096 4524 1187 4580 Phoco,
1199 4523 1252 4588 ejus
1263 4536 1360 4588 prosto.

308 4611 348 4652 tur
367 4613 438 4669 poete
462 4607 532 4656 amici
558 4621 646 4656 nomen
669 4605 808 4672 exprimere,
859 4597 1359 4664 hiucmlnusrectescribiturPloeaeus,qui

341 4684 419 4736 VOL.
436 4686 471 4737 11.
910 4682 940 4731 Μ
