3609 5967
520 769 586 836 342
812 768 852 832 Ρ.
877 763 1040 832 OVIDII
1066 764 1280 831 NASONIS

523 941 744 1028 Scribimus,
761 950 801 1014 et
818 939 979 1038 scriptos
997 938 1230 1016 absumimus
1248 940 1336 1037 igne
1352 940 1522 1018 libellos:

574 1057 712 1132 Exitus
729 1067 788 1131 est
805 1053 921 1129 studii
938 1079 1055 1154 parva
1071 1053 1198 1129 favilla
1214 1056 1301 1130 mei.

521 1173 606 1248 Neo
624 1197 790 1272 possum,
809 1181 849 1245 et
864 1170 977 1269 cupio
995 1193 1071 1243 non
1088 1171 1185 1244 ullos
1201 1171 1341 1246 ducere
1358 1197 1512 1248 versus:

571 1288 730 1362 Ponitur
747 1286 886 1360 ideireo
905 1295 1033 1360 noster
1050 1286 1088 1359 in
1105 1285 1193 1382 igne
1210 1287 1337 1376 labor3

523 1405 607 1481 Nec
624 1404 695 1478 nisi
715 1427 815 1503 pars,
834 1425 927 1476 casu
944 1401 1105 1475 flammis
1123 1412 1266 1502 erepte,
1286 1402 1431 1489 dolove,
1516 1408 1563 1477 65

572 1521 633 1595 Ad
649 1546 716 1595 vos
734 1518 875 1617 ingenii
892 1518 1064 1618 pervenit
1079 1519 1158 1593 ulla
1174 1519 1261 1593 mei.

522 1638 587 1712 Sic
605 1637 761 1723 utinam,
781 1661 867 1735 quae
884 1636 938 1710 nil
954 1647 1186 1727 metuentem
1204 1638 1279 1712 tale
1297 1636 1514 1733 magistrum

571 1753 755 1841 Perdidit,
774 1751 813 1827 iu
829 1752 976 1828 eineres
994 1753 1068 1828 Ars
1085 1779 1172 1831 mea
1188 1778 1298 1829 versa
1313 1753 1427 1830 foret!

845 2167 1092 2243 ELEGIA
1125 2168 1241 2244 XIII.

520 2336 646 2410 Huuc
666 2345 755 2410 tuus
772 2359 794 2410 e
812 2335 951 2410 Getico
968 2336 1084 2411 mittit
1101 2335 1171 2409 tibi
1191 2333 1295 2410 Naso
1314 2337 1495 2427 selutem3

570 2451 726 2527 Mittere
743 2451 775 2524 oi
794 2452 1009 2549 quisquam,
1028 2475 1105 2550 quo
1123 2461 1227 2526 earet
1243 2451 1338 2550 ipse,
1358 2461 1492 2551 potest.

520 2569 634 2666 AEger
651 2569 751 2642 euim
767 2569 867 2644 traxi
884 2569 1060 2666 contagia
1076 2589 1232 2667 corpore
1248 2568 1397 2655 meutiS,

571 2683 707 2759 Libera
723 2694 913 2760 tormento
931 2709 1018 2785 pars
1037 2683 1193 2759 mihine
1211 2708 1287 2781 qua
1302 2694 1433 2758 vacet:
1505 2721 1509 2732 ·

519 2801 672 2898 Perque
689 2799 772 2875 dies
790 2801 929 2874 multos
947 2801 1075 2876 lateris
1093 2801 1322 2876 eruciatibus
1340 2826 1437 2888 uror,
1539 2805 1561 2874 5

571 2916 650 2992 Sed
667 2916 771 3015 quod
789 2940 864 2991 uon
882 2918 1031 2993 modico
1048 2917 1184 3015 frigore
1202 2917 1299 2991 laesit
1316 2916 1450 2991 hiems.

521 3033 562 3106 Si
579 3044 706 3107 tamen
723 3033 806 3132 ipse
822 3034 938 3122 vales,
959 3033 1086 3132 aliqua
1103 3058 1172 3108 uos
1190 3043 1296 3133 parte
1313 3034 1502 3107 valemus:

569 3147 721 3248 Quippe
738 3172 825 3223 mee
841 3160 902 3222 est
918 3148 1083 3222 humeris
1100 3147 1195 3223 fulta
1211 3147 1318 3222 ruina
1335 3148 1425 3222 tuis,

519 3261 594 3348 Qui
609 3262 700 3337 mihi
711 3285 830 3361 quum
843 3262 993 3337 dederis
1007 3263 1177 3361 ingentia
1187 3265 1356 3364 pignora,
1369 3289 1561 3363 quumque

568 3377 643 3452 Per
659 3401 834 3454 numeros
852 3403 984 3456 omnes
1002 3380 1075 3456 hoe
1091 3392 1222 3457 tueare
1238 3389 1376 3481 ceput;
1518 3386 1561 3454 10

549 3543 590 3592 62.
611 3542 709 3606 Parum]
733 3541 790 3592 Non
810 3543 891 3610 pleoet
908 3545 1015 3603 neum,
1065 3542 1562 3610 quiquumqrweumutlubentimddedou.

517 3625 543 3664 et
556 3616 654 3684 oonjioit
663 3619 746 3667 studiis
755 3627 818 3677 atra,
828 3627 854 3668 et
863 3619 948 3670 Burro.
957 3639 1017 3670 caua
1066 3619 1164 3677 oodicie,
1174 3621 1291 3668 moereri
1301 3621 1421 3681 quiequam
1428 3635 1471 3680 quo
1481 3634 1503 3666 e.
1512 3620 1562 3680 iper.

510 3690 610 3754 savilio.
642 3691 760 3758 Equidem
774 3701 858 3743 oontru
870 3693 967 3744 oodicee
980 3693 1016 3744 ui-
1066 3693 1144 3744 Reote
1163 3705 1243 3743 auteur
1259 3693 1394 3743 observavit
1407 3693 1560 3759 Verpoorteu‚

518 3763 551 3813 til
561 3773 657 3814 mutem.
690 3765 766 3832 Atqui
778 3765 851 3816 lectio
862 3783 936 3830 paruo
950 3766 1017 3816 addit
1066 3767 1181 3817 Ovidium
1198 3767 1279 3816 ludere
1297 3767 1322 3816 iu
1338 3766 1456 3816 vocabulo
1475 3768 1561 3825 ntutis,

517 3838 618 3886 multum
626 3837 735 3903 ponderis
743 3840 886 3905 ooujeeturae
899 3840 1016 3890 Burman·
1066 3840 1130 3906 quod
1148 3853 1173 3890 et
1191 3840 1402 3906 compreeedoneur
1420 3839 1521 3889 tumtum
1537 3850 1562 3889 et

517 3912 551 3967 ui,
569 3911 610 3976 qui
625 3911 650 3960 iu
660 3928 727 3962 versu
742 3913 851 3979 sequenti
869 3913 948 3980 legere
963 3929 1014 3962 mu·
1065 3922 1153 3964 tutum
1165 3913 1259 3964 felicem
1269 3913 1397 3978 siguificat.
1423 3913 1494 3963 Illum
1505 3914 1562 3964 Ovi·

517 3985 546 4033 lit
555 4003 601 4034 nou
611 3987 810 4052 multor(quidum
817 3987 882 4037 enim
890 3986 962 4036 codd.
972 3987 1016 4038 he·
1065 3987 1119 4037 diue
1126 4003 1151 4038 ee
1160 3988 1263 4046 mittere,
1270 3988 1331 4038 hauc
1343 4004 1389 4038 uon
1400 3989 1487 4037 hebere
1497 3988 1562 4038 dicit.

517 4061 627 4108 beutuou
637 4060 725 4122 nullm)
734 4064 817 4110 duem
825 4077 910 4110 urm
930 4060 1015 4110 Haut.
1065 4061 1180 4112 Hereum.

549 4135 573 4182 2.
594 4135 655 4193 Qnae
670 4134 741 4184 tectio
761 4143 798 4184 ert
815 4134 840 4183 iu
857 4142 933 4190 textu,
950 4134 1015 4198 [mit-
1097 4138 1122 4184 3.
1142 4136 1211 4184 Μή
1229 4139 1335 4201 contagio
1351 4139 1429 4185 meu
1446 4137 1560 4202 empore]

518 4218 564 4257 rere
577 4225 625 4257 rom
636 4211 655 4256 εἰ
664 4210 723 4272 quis.
735 4206 800 4257 Edit.
816 4206 942 4270 Herum]
962 4223 1015 4256 eom
1065 4208 1095 4258 ld
1105 4218 1151 4267 est,
1160 4211 1237 4276 ipsum
1248 4226 1342 4277 corpus,
1353 4226 1400 4276 pre
1411 4209 1481 4258 nimio
1495 4226 1560 4260 meu·

517 4281 630 4331 Heinsius
643 4280 784 4346 rescripsite
795 4279 917 4337 Iaeidemi,
928 4281 1015 4330 Mureti
1066 4282 1097 4332 tiu
1106 4283 1194 4342 dolore,
1205 4284 1279 4350 ooepit
1288 4283 1351 4333 mule
1360 4285 1445 4333 velere.

517 4365 541 4404 et
555 4355 602 4404 ulio
617 4355 716 4412 eodice;
732 4371 777 4419 ego
786 4370 842 4403 vero
856 4369 913 4403 oum
928 4355 1014 4404 Burm.
1097 4359 1121 4405 9.
1138 4356 1248 4422 Ingentia
1257 4358 1377 4423 pignore]
1395 4358 1498 4421 Magnes
1513 4358 1558 4422 eig-

516 4429 587 4479 velde
600 4430 691 4487 dubito,
703 4430 754 4478 hac
768 4429 911 4496 interpolata
921 4445 972 4480 eune
983 4430 1013 4478 ed
1065 4429 1212 4480 uificetiouee
1220 4431 1313 4482 amoris.

516 4505 649 4571 exemplum
665 4505 710 4554 ie.
720 4505 797 4554 Ponto
807 4507 844 4556 10.
852 4505 892 4554 20.
902 4513 928 4554 et
936 4519 1014 4554 serve·
1100 4505 1138 4554 10.
1156 4505 1203 4553 Per
1217 4522 1320 4556 numeros
1332 4505 1429 4571 ouum]
1446 4507 1493 4555 Per
1510 4521 1558 4554 om-

515 4591 565 4625 rem
581 4577 706 4626 lectionem
720 4576 778 4627 edit.
791 4578 878 4629 veterio
893 4581 1015 4628 mittenti
1066 4595 1108 4628 uer
1117 4579 1207 4629 modos.
