3609 5967
509 736 649 801 ARTIS
672 678 939 801 AMATORIAE
961 734 1051 800 LIB.
1078 737 1146 801 lll.
1301 740 1344 805 ol

311 910 437 1007 Atque
455 910 589 1007 aliquis
606 909 721 993 dicct,
742 906 871 983 Nostri
889 909 974 1005 lege
991 910 1095 983 culta
1111 912 1281 1005 magistri

362 1025 550 1110 Carmina,
568 1026 653 1121 quis
671 1034 797 1121 partes
814 1023 966 1097 iustruit
983 1024 1048 1100 ille
1064 1025 1171 1101 duas.

314 1142 418 1215 Deve
434 1142 553 1216 tribus
570 1141 688 1227 libris,
708 1140 839 1215 titulus
856 1164 953 1237 quos
970 1140 1096 1237 signat
1109 1140 1303 1230 Amorum,

363 1256 483 1354 Elige,
501 1258 603 1355 quod
621 1256 733 1331 docili
751 1256 913 1331 molliter
927 1280 991 1331 ore
1008 1257 1124 1353 legas.

313 1372 382 1447 Vel
400 1373 467 1447 tibi
484 1373 692 1473 composita
708 1383 879 1447 cantetur
898 1372 1070 1471 Epistola
1085 1397 1197 1463 voce;
1275 1378 1349 1449 345

364 1489 539 1585 Ignotum
557 1490 628 1563 hoc
643 1489 726 1564 aliis
745 1489 808 1563 ille
825 1489 974 1563 novavit
989 1514 1097 1587 opus.

316 1604 350 1675 Ο
370 1605 434 1693 ita,
455 1605 611 1693 Phoebe,
630 1607 738 1695 velis3
768 1606 822 1679 ita
836 1630 916 1692 vos,
934 1606 999 1705 pia
1013 1604 1168 1679 numina
1182 1608 1321 1691 vatum,

367 1720 530 1819 Insignis
545 1746 659 1797 cornu
678 1722 841 1808 Bacche,
858 1745 1068 1820 novemque
1087 1720 1197 1795 Deael

317 1835 412 1921 Quis
431 1837 589 1926 dubitet,
609 1838 700 1936 quin
718 1838 814 1913 scire
832 1838 945 1913 velim
963 1840 1100 1913 saltare
1117 1838 1301 1936 puellam;

328 2036 330 2041 ¹
368 1952 423 2024 Ut
439 1963 586 2028 moveat
603 1953 725 2052 posito
743 1952 895 2027 brachia
907 1956 1015 2051 jusso
1030 1952 1153 2027 merel
1278 1957 1353 2027 350

318 2068 490 2145 Artifices
507 2069 648 2156 lateris,
667 2094 791 2145 scenoe
809 2070 1038 2169 spectacula,
1057 2079 1245 2143 amantur:

367 2184 529 2259 Tantum
546 2186 735 2261 mobilitas
753 2186 817 2261 illa
833 2186 981 2261 decoris
998 2186 1125 2261 habet.

321 2299 440 2374 Parva
455 2326 605 2377 monere
623 2303 759 2401 pudet:
790 2304 949 2377 talorum
966 2303 1104 2377 ducere
1116 2302 1243 2399 jactus

371 2415 425 2489 Ut
441 2416 548 2505 sciat,
567 2430 607 2511 et
622 2419 731 2506 vires,
750 2428 895 2495 tessera
910 2419 1039 2505 missa,
1057 2431 1152 2492 tuas.
1281 2420 1353 2489 354

322 2530 373 2603 Et
388 2532 500 2607 modo
516 2545 593 2609 tres
606 2537 728 2632 jactet
744 2559 935 2611 numeros:
965 2535 1077 2607 modo
1093 2532 1248 2629 cogitet,
1267 2540 1356 2630 apte

371 2645 494 2731 Quam
512 2650 645 2725 subeat
661 2656 806 2749 partem
823 2650 972 2737 callida,
991 2672 1182 2747 quamque
1196 2654 1316 2720 vocet.

322 2761 521 2860 Cautaque
539 2788 612 2838 uou
630 2767 746 2841 stulte
763 2768 948 2840 latronum
966 2764 1097 2864 proelia
1113 2764 1237 2837 ludat:

374 2876 483 2951 Unus
500 2902 586 2952 cum
605 2881 753 2976 gemino
771 2881 938 2954 calculus
956 2880 1065 2954 hoste
1082 2879 1192 2977 perit.

325 2990 567 3092 Bellatorque
585 2996 656 3068 sud
674 3020 832 3094 prensus
850 2994 932 3071 siue
948 3018 1123 3093 compare
1141 2992 1274 3067 bellat:

263 3124 273 3141 ·
373 3108 543 3183 AEmulus
561 3119 599 3185 et
613 3123 779 3209 coeptum
797 3136 896 3211 saepe
915 3111 1073 3187 recurrit
1089 3110 1170 3183 iter.
1286 3112 1359 3204 360

355 3382 412 3433 346.
443 3382 481 3433 Vol
509 3387 549 3434 tibi
575 3389 692 3448 compodto
711 3396 817 3435 mutetur·
958 3388 1042 3447 pite:

323 3459 414 3519 epistola
434 3474 498 3507 roco:
524 3458 631 3523 Ignotum
648 3461 688 3509 lor
706 3462 759 3509 ollio
776 3462 817 3509 uta
932 3458 1286 3523 Tamquamprmertnaa
1295 3458 1359 3507 Pre-

325 3534 413 3579 uoouoir
430 3531 506 3595 aquiro]
531 3532 654 3582 Seutemia
670 3532 817 3598 audique
962 3544 998 3581 ror
1007 3535 1069 3583 enit.

324 3602 675 3669 uliquiodicot,legecarmiua
685 3605 756 3655 nostri
766 3622 817 3655 rua·
899 3606 989 3669 Inspice
1010 3610 1116 3656 ludum·
1133 3615 1229 3662 sumtu,
1248 3607 1360 3671 Augure,

326 3676 400 3739 gistri,
414 3676 438 3726 id
453 3687 489 3727 ert
499 3678 593 3727 Ovidii:
610 3694 639 3728 ea
655 3678 755 3737 scilicet,
766 3679 818 3744 qui·
964 3691 1063 3729 turma.

327 3750 370 3799 bus
390 3750 431 3801 ille
449 3752 531 3801 ambae
546 3761 625 3818 partes
641 3752 749 3803 iustruit:
775 3753 819 3803 lroo
935 3754 1362 3820 Emwtffingnotolionultolegoe.

327 3834 370 3881 cot,
388 3834 437 3876 tam
454 3826 524 3883 viros,
543 3841 614 3891 quum
630 3826 723 3891 puello
741 3842 820 3877 amm
1238 3828 1330 3879 liures.

328 3899 407 3949 docet.
440 3902 538 3949 Mrcut.
869 3902 937 3952 Nihil
945 3910 1020 3952 muto.
1030 3901 1097 3951 etita
1106 3902 1260 3967 interpretor5
1274 3902 1364 3953 Mimo·

359 3975 416 4023 330.
435 3974 535 4025 Brachia
544 3976 635 4039 jum]
654 3974 708 4023 Scio
723 3988 819 4040 quomo·
868 3988 893 4027 et
914 3976 1042 4043 Magistros
1062 3976 1116 4025 illos
1134 3984 1241 4026 motuum
1258 3977 1363 4027 mimico·

328 4047 358 4097 do
367 4048 480 4115 explicari
488 4058 513 4099 et
523 4049 637 4115 exemplis
647 4048 745 4097 infinitio
755 4048 820 4098 illuu-
869 4066 932 4106 rum,
939 4050 980 4115 qui
991 4049 1096 4115 quotidie
1105 4048 1130 4097 io
1138 4065 1211 4099 meua
1219 4058 1365 4115 rpoctoutur,

328 4122 472 4187 trariponit.
504 4122 675 4173 SedSclrell'eri
686 4122 761 4172 codex
778 4122 820 4173 ha·
870 4123 1029 4173 etiamviris
1038 4132 1064 4172 ot
1073 4122 1365 4179 materiammaterial

329 4196 457 4260 betfflouro,
467 4197 679 4263 quodpraelerrem‚
690 4206 716 4246 ut
725 4196 820 4262 elegan-
869 4197 918 4247 rint
933 4196 1053 4247 vilissimi:
1069 4197 1100 4245 de
1116 4196 1161 4245 hoc
1176 4197 1262 4253 triton,
1278 4212 1326 4261 qoo
1340 4206 1366 4245 el

329 4270 376 4319 tius
385 4270 518 4321 etdoctiuo.
551 4272 640 4321 Burro.
871 4270 915 4319 viri
924 4282 949 4320 et
958 4271 1053 4321 lemiurc
1063 4271 1198 4320 ferebantur
1208 4270 1234 4318 iu
1249 4269 1365 4333 pontoni-

362 4348 416 4395 351.
432 4347 535 4411 Artificis
551 4346 637 4404 latoria
653 4362 721 4395 roem
736 4355 821 4407 φασια-
871 4347 979 4409 moo,qui
995 4345 1076 4395 luceru
1090 4344 1276 4397 euremari,
1287 4340 1311 4389 id
1321 4349 1366 4399 eo,

332 4421 383 4469 culo
400 4421 529 4484 moulon]
559 4420 633 4477 Molo,
652 4417 821 4469 caramancio
871 4418 989 4469 docebant
1006 4420 1092 4471 raltose
1112 4417 1205 4483 puellus
1221 4424 1246 4464 et
1259 4415 1366 4479 jurem,

332 4492 529 4544 Triulitoor.
871 4508 933 4559 repo
944 4491 1062 4542 invehitur
1073 4494 1173 4541 Seneca.
1207 4490 1297 4537 Brun.

366 4568 419 4622 Qua
429 4571 500 4617 mimir
509 4573 604 4631 prodest.
616 4586 680 4619 sceno
692 4579 723 4617 ert
735 4570 821 4616 lucrato
