3609 5967
511 781 653 851 ARTIS
674 782 943 851 AMATORIAE
966 782 1056 849 LIB.
1080 784 1151 851 111.
1308 786 1353 853 79

311 952 337 1029 J
340 956 541 1030 amdudum
558 980 759 1057 persuasus
777 957 860 1044 erit,
875 956 1112 1032 miserebitur
1129 958 1249 1034 ultro:

365 1070 416 1144 Et
433 1072 545 1161 dicet,
565 1072 666 1147 Curd
682 1072 847 1173 carpitur
863 1072 938 1147 ista
954 1072 1040 1147 mei.
1278 1079 1352 1149 680

316 1187 522 1289 Praecipue,
542 1190 574 1264 si
592 1192 715 1267 cultus
733 1190 814 1278 erit,
834 1189 1065 1291 speculoque
1081 1190 1259 1287 placebit,

366 1303 485 1379 Posse
502 1330 571 1380 suo
588 1308 690 1405 tangi
708 1308 837 1383 credet
853 1330 979 1382 amore
996 1305 1112 1380 Deus.

318 1418 396 1494 Sed
406 1430 463 1509 te,
483 1442 733 1520 quaecumque
751 1448 805 1509 es,
823 1423 1016 1497 moderate
1033 1418 1168 1518 injuria
1182 1422 1333 1513 turbet3

367 1535 454 1611 Neu
471 1537 523 1611 sis
541 1540 671 1613 audita
689 1540 825 1639 pellice
841 1539 978 1615 mentis
995 1538 1116 1637 inops.

318 1650 355 1724 N
357 1676 401 1725 ec
419 1652 496 1727 cito
512 1655 726 1732 credideris.
761 1668 945 1755 quantum
963 1655 1040 1730 cito
1055 1654 1208 1730 credere
1225 1655 1352 1743 laedat,

368 1765 597 1869 Exemplum
612 1773 718 1847 vobis
736 1798 811 1849 non
828 1775 910 1849 leve
928 1770 1078 1846 Procris
1096 1770 1178 1845 erit.
1278 1776 1352 1846 666

318 1880 390 1957 Est
403 1907 520 1985 prope
536 1911 743 1986 purpureos
760 1890 875 1963 colles
892 1885 1062 1962 florentis
1080 1884 1254 1984 Hymetti

367 1996 466 2073 Fons
484 2024 601 2089 sacer,
620 2014 659 2078 et
674 2003 782 2078 viridi
800 2002 944 2105 cespite
960 2000 1085 2076 mollis
1103 2001 1251 2075 humus.

319 2112 421 2189 Silva
437 2139 567 2191 nemus
585 2142 659 2192 non
677 2121 754 2195 alta
769 2121 876 2210 fa'cit3
896 2120 991 2217 tegit
1008 2119 1161 2194 arbutus
1177 2117 1351 2194 herbamt

368 2228 448 2305 Ros
464 2235 588 2322 maris,
602 2247 641 2310 et
657 2238 762 2325 lauri,
776 2238 958 2335 nigraque
975 2244 1120 2335 myrtus
1137 2234 1251 2308 olent.
1279 2238 1354 2309 690

319 2342 355 2417 N
357 2370 400 2419 ec
418 2347 544 2423 densae
561 2349 658 2425 foliis
675 2353 780 2440 buxi,
797 2352 1025 2450 fragilesque
1042 2349 1205 2448 myricae,

368 2460 451 2536 Nec
469 2474 601 2540 tenues
618 2467 742 2564 cytisi,
761 2468 939 2564 cultaque
955 2466 1067 2565 pinus
1084 2463 1205 2537 abest.

256 2660 260 2668 ι
318 2572 483 2663 Lenibus
500 2579 669 2679 impulsoe
687 2582 882 2681 Zephyris,
901 2581 1070 2678 auraque
1087 2578 1240 2664 salubri,

369 2689 443 2765 'l'ot
453 2717 631 2790 generum
644 2695 807 2784 frondea,
816 2696 1012 2794 herbaque
1022 2717 1169 2767 summa
1176 2703 1352 2767 tremunt.

319 2804 438 2881 Grata
454 2810 563 2907 quies
582 2810 765 2910 Cephalo.
783 2810 933 2885 famulis
949 2808 1183 2907 canibusque
1199 2808 1338 2882 relictis

369 2919 510 2999 Lassus
526 2926 565 3001 in
582 2928 652 3002 bac
666 2929 813 3026 juvenis
831 2951 933 3026 saepe
950 2924 1089 3001 resedit
1104 2926 1230 3000 humo.
1282 2928 1355 2999 696

352 3256 408 3306 669.
424 3257 487 3307 Siloa
502 3276 580 3309 amar
592 3278 638 3311 aon
648 3262 720 3327 elta]
738 3262 767 3311 ld
777 3270 814 3313 est
862 3260 1027 3311 Duullrrrrr.
1043 3257 1246 3323 intelligitpiau
1255 3259 1358 3309 domeni·

320 3326 431 3381 liceteint
441 3334 533 3383 arborea
542 3351 589 3385 non
599 3338 663 3395 alta,
670 3345 751 3387 tamen
759 3344 815 3403 apta
861 3352 920 3392 ram,
930 3350 973 3383 een
980 3334 1112 3381 Mm-
1123 3345 1152 3380 ac
1163 3330 1259 3397 proinde
1269 3333 1358 3381 culm·

320 3404 473 3455 ambulationi
483 3416 508 3457 et
516 3410 591 3474 quieti
601 3419 637 3459 ert
647 3412 739 3461 umbra.
748 3411 782 3461 itt
790 3418 815 3461 et
861 3406 932 3465 dixit,
946 3416 974 3455 nt
988 3421 1004 3455 a
1020 3403 1129 3471 sylvestri
1145 3404 1204 3469 pina
1218 3403 1358 3470 d'mtinguat.

321 3476 350 3526 de
357 3478 436 3529 berbia
445 3483 525 3532 siloam
535 3482 622 3534 dixisse
630 3484 765 3551 Virgilium,
772 3486 815 3535 lib.
862 3480 948 3545 virgil.
958 3480 1011 3530 Ecl.
1020 3478 1062 3529 rii.
1072 3479 1112 3527 66.

302 3576 305 3582 ,
321 3550 338 3601 i.
349 3552 437 3619 Geurp.
448 3557 570 3606 153.th
584 3575 664 3621 repere
677 3561 736 3608 silve
752 3558 813 3622 Lup-
895 3554 1052 3603 frasinaria
1065 3554 1128 3600 silvie
1142 3552 1306 3614 pulcherrim,
1322 3556 1359 3616 pi-

319 3632 533 3695 miribellum,
540 3632 714 3682 notrtServim.
723 3640 748 3681 et
758 3648 815 3682 con·
958 3628 1124 3676 minimis.

321 3706 358 3749 tm
373 3700 403 3753 de
422 3719 518 3769 quercu,
536 3705 578 3755 lib.
593 3706 628 3755 iii.
643 3706 740 3756 AEne'id.
757 3707 814 3757 680.
864 3702 934 3762 Quod
965 3700 1120 3767 χαμαίπιτυς
1144 3697 1321 3764 intelligebatur
1343 3717 1360 3751 a

321 3776 379 3823 siloa
395 3779 446 3825 alta
460 3776 530 3829 Jonir.
543 3780 623 3829 diuum
639 3789 718 3830 autent
734 3788 759 3829 et
775 3797 814 3829 ne·
863 3775 990 3840 Scaligero,
1000 3790 1031 3824 ue
1040 3772 1102 3823 illud
1109 3772 1206 3838 quidem
1216 3772 1358 3832 admiserim,

321 3864 371 3896 mur
389 3848 482 3901 diversa
501 3868 552 3903 este
574 3852 681 3903 ridemus
706 3852 733 3901 ii.
754 3853 816 3903 Met.
864 3865 919 3899 cum
930 3848 1081 3915 papatum
1093 3845 1359 3897 interherbmaPliuio

323 3921 380 3971 ⁴38.
408 3923 497 3974 Bura.
863 3932 1020 3979 recenseatur,
1034 3930 1060 3971 et
1073 3929 1169 3971 vocetur
1183 3921 1213 3969 ab
1232 3936 1261 3969 eo
1277 3922 1359 3987 abiga.-

354 3996 412 4047 690.
430 3998 692 4064 Βωηανίηιὶαιιηιι.]
712 3998 816 4049 Rum-
864 3997 1061 4063 Pinurnmqnem
1068 3993 1208 4061 appelletur.
1223 3993 1315 4045 Herus.
1335 4003 1362 4045 et

322 4072 354 4121 rit
369 4083 391 4121 rt
407 4076 470 4123 lauri
484 4090 514 4124 ex
528 4074 631 4143 scriptia.
653 4074 744 4125 Hrrue.
766 4074 817 4124 Fine
865 4069 999 4120 Columella
1007 4066 1087 4119 linix.
1097 4068 1121 4116 t.
1133 4066 1235 4131 Cytisum
1246 4074 1271 4116 et
1277 4070 1360 4130 pirron

322 4148 390 4195 mro
399 4148 503 4199 Palatia.
510 4148 553 4198 red
564 4148 609 4198 lior
616 4150 685 4197 amrin
694 4148 816 4205 recte,ali·
864 4160 959 4210 quoque
969 4139 1097 4209 conjungit.
1110 4156 1253 4206 quamquam
1264 4141 1295 4189 P.
1302 4140 1361 4191 Vie-

322 4228 357 4269 ter
382 4220 538 4281 Romul-tm
565 4220 656 4272 Gracia
676 4219 817 4284 λιβανῶτις.
865 4218 946 4275 toriue,
952 4218 1012 4267 libro
1018 4232 1074 4266 xxv.
1084 4214 1142 4264 Vn.
1149 4214 1216 4264 Iect.
1226 4217 1310 4280 capd.
1318 4213 1361 4279 qui

324 4294 411 4347 Buerr.
864 4287 1361 4345 accuratedebieomnibus,utetdevereu

355 4370 413 4419 692.
432 4369 480 4419 Ner
494 4378 570 4417 unum
580 4370 647 4433 cytisi
662 4368 768 4431 cultuque
780 4368 817 4431 pi·
866 4366 957 4415 luein
967 4364 1076 4417 Culioea
1092 4363 1183 4413 Bembo
1198 4360 1362 4409 mrlemutrtn

325 4461 369 4494 rur
377 4445 460 4509 aba]
479 4444 558 4502 Eorte,
566 4445 683 4508 multaque
694 4445 762 4505 pinus
777 4443 817 4491 ab·
866 4440 924 4507 agit,
934 4456 976 4507 per
990 4440 1072 4503 maan
1082 4452 1131 4485 non
1146 4436 1252 4483 arborem
1261 4441 1362 4493 restam,

325 4529 368 4568 ert.
399 4518 503 4585 Scaliger
517 4518 548 4569 ad
562 4517 605 4567 illa
618 4518 698 4575 rerba,
713 4518 820 4579 cultaque
866 4514 910 4567 red
921 4514 1047 4581 virgultum
1057 4506 1178 4575 iutelligit.
1210 4506 1300 4576 Burri.

322 4597 400 4657 pinse,
419 4594 449 4645 rb
475 4592 639 4658 χαμαίπιτυν,
660 4597 820 4641 annumerat.
