3609 5967
444 790 679 860 TRISTIUM
702 790 793 856 LIB.
818 788 868 854 11.
892 788 963 868 EL.
987 785 1153 907 dulce.
1262 784 1327 849 195

273 968 350 1045 Per
366 992 482 1067 quem
499 964 729 1061 bellagerie,
740 965 850 1061 cujus
864 985 967 1036 nunc
981 982 1138 1059 corpore
1156 980 1322 1058 pugnam

325 1083 548 1182 Auspicium
566 1082 627 1155 cui
646 1079 715 1153 das
729 1078 884 1175 grande,
905 1077 1087 1173 Deosque
1104 1086 1213 1163 tuos3

276 1200 520 1295 Dimidioque
532 1199 587 1270 tui
600 1219 771 1294 praesens
783 1218 839 1279 ea,
851 1204 890 1267 ct
900 1190 1066 1290 adspicis
1077 1190 1231 1279 urbem;
1256 1192 1327 1262 175

326 1316 492 1389 Dimidio
509 1315 643 1412 procul
658 1336 712 1398 es,
732 1334 908 1407 saevaque
926 1308 1027 1383 bella
1044 1306 1157 1404 geria.

278 1432 352 1507 Hic
367 1433 438 1507 tibi
456 1431 511 1506 sic
529 1430 661 1503 redcat
674 1436 851 1526 superato
868 1426 989 1508 victor
1005 1424 1053 1497 ab
1070 1424 1199 1507 hoste3

326 1546 450 1645 Inque
465 1544 657 1619 coronatis
674 1542 818 1639 fulgeat
834 1543 934 1616 altus
952 1542 1083 1638 eqois3

276 1662 413 1749 Parce,
425 1683 575 1760 precor3
596 1658 816 1756 fulmenque
831 1669 951 1744 tuum,
962 1655 1141 1741 seratela,
1153 1652 1327 1739 reconde,

327 1777 415 1853 Heu
433 1777 590 1850 nimium
607 1775 745 1848 misero
759 1774 914 1871 cognita
930 1774 1007 1847 tela
1023 1771 1135 1845 mihi!
1257 1772 1329 1842 180

275 1893 411 1979 Parce,
425 1903 534 1991 pater
550 1892 707 1991 patrie:
735 1914 806 1965 nec
824 1889 987 1965 nominis
1005 1890 1200 1963 immemor
1217 1886 1329 1985 hujus

328 2009 430 2082 Olim
448 2007 623 2107 placandi
641 2030 751 2105 spem
767 2007 857 2080 mihi
876 2007 967 2080 tolle
979 2004 1046 2079 tui.

279 2126 362 2201 Nec
379 2148 524 2224 precor,
545 2135 587 2198 ut
603 2123 778 2197 redeam:
808 2121 980 2222 quamvis
998 2123 1142 2219 majora
1158 2117 1287 2217 petitis

329 2240 522 2315 Credibile
539 2250 599 2313 est
616 2263 775 2335 magnos
792 2263 896 2337 saepe
912 2236 1066 2312 dedisse
1085 2236 1202 2310 DeoS.

277 2356 412 2430 Mitius
429 2353 658 2430 exsilium¹si
676 2354 758 2440 das,
777 2354 1010 2452 propiusque
1028 2352 1187 2449 roganti,
1260 2352 1330 2423 185

330 2473 426 2547 Pars
444 2473 515 2546 erit
532 2497 554 2546 e
571 2495 685 2570 poena
702 2494 840 2566 magna
855 2470 980 2544 levata
996 2492 1093 2543 mea.

281 2588 428 2662 Ultima
444 2587 649 2686 perpetior,
667 2586 814 2661 medios
831 2574 1025 2683 project'us
1043 2584 1081 2657 in
1099 2583 1250 2668 hostes3

332 2704 416 2805 Nec
435 2704 639 2801 quisquam
656 2700 780 2800 patria
796 2701 946 2797 longius
964 2701 1075 2773 exsul
1093 2700 1214 2773 abest.

277 2816 396 2894 Srilus
415 2819 464 2893 ad
478 2842 655 2915 egressus
672 2819 811 2892 missus
827 2816 1087 2915 septemplicis
1104 2813 1208 2901 istri,

333 2935 544 3009 Parrhasiae
563 2934 689 3030 gelido
705 2934 860 3031 virginis
876 2959 952 3008 axe
969 2957 1132 3032 premor.
1165 3000 1170 3015 ,
1263 2935 1335 3005 190

279 3052 460 3149 Jazyges,
481 3062 520 3125 et
539 3050 686 3138 Colchi,
707 3050 956 3148 Metereaque
973 3050 1096 3136 turbo,
1117 3048 1317 3145 Getaeqoe,

334 3165 501 3242 Danubii
519 3165 656 3240 mediis
670 3164 735 3240 vix
753 3163 999 3265 prohibentur
1017 3164 1140 3263 aquis,

280 3368 346 3433 cepit
354 3365 458 3433 Augusti
464 3364 587 3432 auspiciis,
594 3373 622 3415 ut
632 3366 717 3415 Flom
725 3366 784 3417 ocri·
831 3382 942 3433 agruim
953 3366 1017 3431 qnod
1033 3364 1140 3432 plerique
1156 3371 1248 3413 veteres
1263 3376 1336 3428 agno-

278 3442 326 3491 bia
833 3439 1010 3501 econt3molim
1018 3447 1335 3503 romenegreuommttoro-

318 3514 373 3561 174.
389 3512 570 3577 Deceptum]
587 3512 785 3579 Apollinemdo·
834 3514 1021 3580 portantem.
1054 3513 1145 3563 Humi.
1175 3514 1213 3561 Ad
1229 3528 1339 3577 agroino,

281 3586 343 3636 lium
353 3586 479 3641 Cmuem,
489 3594 515 3634 et
530 3595 630 3635 ceteros
644 3588 719 3644 Deoe,
731 3587 783 3637 Au·
834 3588 875 3637 Ad
883 3587 947 3637 cotie
956 3604 999 3653 per
1008 3604 1062 3654 quie
1071 3588 1198 3637 Danubius
1208 3586 1337 3637 inmareoe

281 3659 487 3725 gnotisamiliareo.
521 3659 785 3726 Vellerapollr'ploo
834 3670 955 3718 moneret.

280 3736 384 3792 dicium
395 3745 423 3784 ut
433 3734 498 3783 idean
515 3734 642 3799 significet,
653 3736 786 3801 euspicium
870 3738 926 3786 190.
944 3737 1075 3785 Parrhasio
1088 3735 1205 3801 virgime]
1223 3734 1339 3784 Callistus

282 3809 457 3858 etDeootuoo.
489 3808 561 3856 Mun.
837 3825 867 3859 ex
877 3809 997 3859 Arcadia:
1014 3824 1067 3874 quar
1084 3809 1110 3857 in
1127 3824 1206 3858 uriom
1222 3818 1339 3859 mutatu

318 3882 373 3932 175.
384 3881 597 3944 Dimidioqoatui]
613 3880 713 3948 Propter
719 3898 788 3945 egre·
836 3886 907 3942 Jove,
918 3883 943 3931 in
956 3883 1123 3950 septemtrione
1138 3882 1216 3931 locata
1227 3883 1285 3933 luit:
1303 3884 1338 3933 ric

282 3955 352 4021 gium
363 3972 476 4012 amorem,
487 3971 538 4019 quo
546 3955 633 4004 ducem
644 3972 715 4004 ouum
725 3956 790 4005 bunc
838 3958 904 4008 dicta
915 3973 930 4006 a
940 3957 1066 4007 Parrhasio
1075 3957 1134 4006 urbe
1146 3957 1264 4007 Arcadia.

285 4032 411 4095 Augustus
420 4028 624 4093 diligebamur
633 4029 685 4094 ejus
695 4030 791 4079 ‹limidi-
873 4030 1056 4097 rollone]
1074 4032 1176 4095 Jezygeo
1185 4031 1266 4097 populi
1273 4031 1339 4081 luere

284 4120 340 4154 nin:
357 4113 384 4153 ut
400 4104 485 4153 Horat.
521 4104 654 4169 Virgilium
670 4106 791 4154 dimidium
839 4106 990 4171 Scytharum,
1002 4121 1061 4170 quoe
1072 4103 1164 4154 Plinius
1176 4106 1259 4155 scribit
1271 4121 1339 4155 com·

286 4182 366 4228 onim
375 4195 433 4227 suo.
466 4178 557 4228 Hune.
838 4194 882 4245 poe
895 4187 921 4227 et
937 4177 1133 4245 planatenuiooe.
1152 4178 1237 4228 Colchi.
1255 4176 1342 4227 Colchi

320 4255 376 4302 lca
388 4254 449 4301 Olim
456 4256 566 4315 placendi
576 4269 644 4315 rpem,
652 4252 712 4316 die]
730 4251 789 4301 Sen-
838 4256 947 4316 (auctorc
959 4251 1089 4317 Dionysio)
1098 4252 1163 4301 luere
1171 4252 1341 4301 edexuemnm

284 4335 390 4386 amem
406 4343 449 4376 nec
459 4324 787 4392 immemorhujuonominie,
839 4326 919 4384 Ponti,
944 4326 1052 4377 Ceucuo
1079 4335 1159 4375 monte
1184 4325 1342 4381 adherentes,

287 4416 333 4450 nec
343 4400 401 4450 tolle
410 4417 476 4465 opem
484 4400 544 4449 milri
551 4399 609 4450 olim
619 4400 655 4449 tui
664 4399 790 4466 placendi3
838 4399 897 4449 olim
912 4416 941 4450 ex
953 4402 1060 4467 AEgypto
1069 4400 1181 4467 protecti:
1201 4399 1293 4447 Coteior
1303 4412 1343 4447 ec-

287 4483 316 4525 nt
336 4474 453 4541 porticula
472 4475 578 4541 negandi
598 4474 637 4525 bio
661 4484 790 4542 tepenter.
839 4473 918 4539 cipere
936 4475 1008 4523 etim
1024 4490 1066 4525 eoo
1084 4474 1149 4530 licet,
1167 4472 1209 4537 qui
1228 4471 1342 4522 Medeam

288 4549 361 4606 Olim,
373 4547 508 4613 aliquando.
540 4549 612 4599 Cion.
840 4548 972 4613 lugientem
987 4544 1115 4613 pemeuti,
1126 4562 1199 4611 quum
1215 4546 1282 4596 illam
1298 4547 1342 4597 ed·

324 4624 380 4673 189.
391 4622 695 4690 Soinradiagrms,&c.]
714 4622 792 4670 Immo
841 4622 986 4686 prehendere
1005 4639 1051 4673 non
1068 4621 1207 4689 potuissent,
1218 4623 1280 4672 circa
1295 4623 1331 4672 Το

904 4704 954 4753 02
