3609 5967
482 738 548 803 448
783 735 823 800 Ρ.
847 732 1010 800 ovum
1034 731 1247 799 NASONIS

485 911 584 986 Tum
605 911 673 984 tibi
694 910 744 982 Dr
761 897 903 984 faciant
920 907 1085 983 adeundi
1102 909 1215 1006 copia
1230 909 1317 998 fiat3
1414 928 1419 941 ·

538 1027 763 1102 Profectum
780 1026 925 1123 aliquid
943 1036 1024 1099 tum
1042 1036 1108 1098 tua
1124 1026 1241 1101 verba
1257 1038 1363 1126 pute.

487 1144 530 1217 Si
549 1144 641 1241 quid
660 1154 750 1243 aget
766 1145 900 1240 majus,
920 1142 1030 1216 differ
1046 1154 1113 1216 tna
1129 1155 1276 1241 coepte3
1297 1167 1467 1241 caveque

537 1260 656 1358 Spem
675 1259 888 1334 festinando
906 1258 1142 1357 precipitare
1161 1283 1297 1334 meam.
1467 1263 1539 1334 140

487 1375 570 1450 Nec
589 1400 718 1450 rursus
732 1377 863 1474 juben,
882 1375 974 1449 dum
993 1376 1042 1449 sit
1059 1374 1298 1462 vacuissima,
1318 1398 1489 1473 quaeras:

537 1492 717 1591 Corporis
736 1492 783 1566 ad
802 1493 946 1567 cultum
959 1491 1025 1565 vix
1042 1502 1153 1565 vacat
1170 1492 1235 1566 illa
1251 1492 1323 1566 sui.

486 1608 603 1682 Curio
620 1633 739 1707 quum
758 1608 930 1706 patribus
947 1607 1060 1682 fuerit
1077 1609 1220 1706 stipate
1235 1607 1422 1695 verendis,

536 1725 613 1798 Per
630 1748 754 1798 rerum
771 1726 920 1799 turbam
940 1735 981 1797 tu
1000 1730 1154 1823 quoque
1172 1736 1323 1824 oportet
1339 1748 1417 1800 eas.

487 1841 615 1923 Quum
633 1839 702 1913 tibi
720 1840 922 1936 contigerit
936 1841 1081 1915 vultum
1095 1840 1257 1916 Junonis
1274 1840 1391 1927 adire,
1465 1843 1536 1913 145

537 1956 612 2029 Fac
631 1956 683 2029 sis
702 1981 888 2055 personae,
908 1981 1023 2055 quam
1041 1968 1184 2044 tueare,
1204 1982 1360 2032 memor.

488 2073 570 2148 Nec
582 2072 724 2148 factum
732 2073 894 2150 defende
906 2099 1051 2164 meum;
1066 2076 1166 2150 mala
1176 2098 1293 2149 causa
1302 2072 1449 2148 silenda
1458 2080 1535 2147 est:

538 2188 574 2261 N
579 2189 602 2261 il
621 2190 693 2263 nisi
712 2191 883 2264 sollicitae
902 2191 979 2265 sint
997 2203 1065 2267 tua
1081 2191 1196 2265 verba
1212 2214 1359 2290 preces

486 2303 583 2377 Turn
613 2306 790 2405 lacrymis
819 2307 1007 2383 demenda
1033 2333 1138 2383 mora
1170 2321 1242 2395 est,
1271 2305 1538 2401 submissaque

536 2419 597 2494 Ad
616 2445 690 2495 non
709 2423 887 2498 mortales
905 2423 1061 2501 brachia
1076 2424 1191 2499 tende
1209 2421 1340 2522 pedes.
1411 2421 1536 2517 [terne

486 2535 583 2609 Tum
601 2549 689 2636 pete
707 2539 759 2612 nil
777 2539 891 2627 aliud,
909 2564 1007 2614 saevo
1027 2540 1098 2614 nisi
1117 2542 1165 2615 ab
1183 2540 1294 2614 hoste
1312 2538 1507 2613 recedam:

538 2651 699 2728 Hostem
713 2654 900 2730 fortunam
919 2657 969 2730 sit
985 2658 1078 2731 satis
1091 2681 1177 2732 esse
1195 2655 1300 2731 mihi.
1465 2657 1535 2727 152

487 2769 603 2843 Plura
621 2771 777 2869 quidem
796 2773 982 2863 subeunt3
1012 2774 1080 2848 sed
1094 2776 1174 2872 jam
1191 2773 1345 2861 turbata
1359 2770 1492 2844 timore

538 2884 632 2960 Haec
651 2911 806 2986 quoquc
823 2889 886 2962 vix
905 2888 1046 2986 poteris
1064 2912 1128 2963 ore
1146 2897 1330 2963 tremente
1348 2883 1467 2983 loqui.

487 3001 670 3100 Suspicor
682 3003 754 3078 hoc
768 3005 906 3079 damno
920 3002 989 3079 tibi
1005 3030 1080 3079 non
1094 3005 1172 3080 fore
1185 3032 1194 3094 3
1217 3004 1356 3079 sentiat
1370 3003 1433 3077 illa
1465 3004 1535 3075 155

535 3114 591 3192 Te
609 3119 845 3218 majestatem
865 3122 1105 3219 pertimuisse
1124 3144 1244 3196 suam.

488 3233 570 3309 Nec
588 3246 653 3310 tua
671 3236 701 3309 si
720 3237 811 3311 fletu
830 3238 1052 3312 scindantur
1068 3239 1195 3325 verba,
1216 3234 1391 3311 nocebit:

536 3351 731 3439 Interdum
750 3356 928 3454 lacrymae
948 3357 1115 3454 pondera
1131 3355 1233 3429 vocis
1252 3346 1408 3427 habent.

485 3611 567 3676 aliqua
578 3610 677 3660 letitia:
694 3628 724 3662 ex
734 3629 783 3679 quo
797 3614 917 3679 designat,
927 3624 985 3665 tunc
1036 3625 1098 3663 trum
1116 3616 1207 3664 turbam
1214 3631 1223 3671 ,·
1240 3611 1361 3668 nimirum,
1374 3608 1535 3673 (111111,Α11ζ1·

484 3686 636 3749 rempusforc
648 3687 761 3737 verbade
772 3704 799 3737 se
810 3688 985 3755 iaciendiupud
1035 3696 1073 3738 sto
1092 3689 1117 3737 in
1138 3688 1204 3737 curin
1223 3702 1278 3737 cum
1294 3684 1402 3752 patribus
1420 3692 1536 3740 versante.

486 3758 585 3815 liviam,
599 3776 673 3824 quum
685 3761 771 3811 viderit
787 3763 813 3811 in
826 3763 919 3812 edibus
934 3763 986 3812 Au·
1036 3763 1105 3812 Livia
1115 3771 1153 3812 est
1163 3762 1252 3830 stipata
1261 3759 1383 3809 metronis.

484 3831 548 3895 gusti
566 3847 618 3879 csse
639 3832 748 3882 letitiam
770 3834 886 3900 aliquem,
907 3834 986 3900 qualis
1071 3838 1124 3886 146.
1144 3836 1250 3885 Pmonae
1268 3852 1335 3899 quarn
1356 3831 1458 3895 meum]
1480 3833 1536 3882 Mc·

484 3905 782 3972 essesoletinCupitolio.
1036 3918 1321 3960 mentotcssseuxorem
1337 3906 1535 3972 mummium

518 3979 573 4027 139.
591 3979 617 4027 Si
626 3983 682 4045 quid
692 3981 766 4046 oga]
786 3983 862 4047 Agunt
874 3982 985 4032 Francos.
1035 3984 1144 4034 omnibus
1154 4000 1197 4049 pro
1204 3999 1244 4032 mc
1254 3981 1419 4038 nouandum,
1428 3990 1453 4031 02
1463 3974 1536 4030 011114

485 4051 546 4101 sorte
564 4059 641 4120 recte:
659 4052 741 4102 Cesar
757 4054 851 4103 scilicet
867 4062 891 4104 et
906 4055 984 4113 Livia.
1035 4073 1089 4107 men
1099 4057 1235 4107 fidelissime
1246 4055 1388 4121 sgendnsit.

484 4142 539 4175 cum
550 4141 672 4192 qussaepe
682 4126 938 4178 consilisconferebat.
1070 4133 1124 4181 152,
1144 4131 1273 4179 Fortunam
1289 4145 1334 4179 esu
1348 4129 1405 4177 aru
1427 4127 1532 4192 mm]

519 4202 574 4249 144.
587 4200 633 4249 Per
647 4212 740 4262 porrum
754 4202 865 4265 rurum]
885 4203 932 4252 Per
946 4219 984 4253 se·
1034 4205 1132 4255 Habere
1149 4204 1267 4254 sonuum
1284 4203 1358 4253 solnm
1371 4200 1500 4260 inimum,
1511 4209 1536 4251 ct

485 4283 592 4324 natorum
614 4275 800 4334 multitudinem,
815 4274 873 4325 dnm
894 4276 926 4326 nd
942 4277 983 4327 11-
1034 4275 1536 4344 nonScythuctismrvclmlmitum

484 4347 547 4396 viam
562 4345 637 4397 vedis.
665 4349 713 4398 Per
728 4366 806 4399 rerum
823 4351 922 4406 turtum,
935 4350 985 4400 ole-
1034 4353 1092 4402 sudu
1102 4351 1219 4402 hostiliter
1228 4367 1267 4400 me
1279 4351 1360 4400 hebet.

483 4431 569 4483 gunter
580 4422 675 4472 Snmr.
687 4439 735 4489 quo
752 4422 832 4490 populi
847 4424 984 4474 confluxurn
1068 4428 1123 4477 157.
1135 4425 1185 4475 Noc
1205 4435 1247 4475 tuo
1262 4427 1282 4474 ci
1291 4423 1377 4490 flatu]
1396 4423 1477 4473 Etiam
1491 4423 1536 4473 hoc

483 4493 603 4558 designet.
633 4496 679 4545 Per
687 4501 788 4560 patrium
798 4499 895 4547 turbam.
907 4497 983 4547 Aron·
1033 4497 1152 4549 distichon
1161 4499 1201 4548 rix
1216 4515 1259 4565 pro
1271 4497 1377 4564 genuino
1390 4496 1538 4554 habendum

483 4564 572 4614 delion.
596 4568 747 4621 Burmannus
765 4570 857 4623 mullet.
873 4571 919 4620 Per
936 4589 984 4621 na·
1034 4573 1110 4621 nebi:
1125 4571 1190 4623 idem
1201 4571 1281 4622 dicat:
1297 4572 1348 4636 jun
1356 4569 1421 4622 enim
1434 4586 1537 4637 pmoes·
