3609 5967
440 727 462 791 8
733 724 773 789 P.
797 722 960 789 OVIDII
983 721 1195 789 NASONIS

446 898 479 972 Ο
499 900 648 997 quoties
667 897 770 971 illum
787 896 907 971 doluit
922 919 1123 995 properare
1142 895 1330 995 Calypso;
1414 902 1484 973 125

496 1014 746 1111 Remigioque
765 1023 871 1113 aptas
889 1035 974 1087 esse
990 1011 1142 1109 negavit
1158 1013 1296 1109 aquas!

446 1131 539 1206 Haeo
557 1130 679 1229 Trojae
698 1154 807 1205 casus
825 1130 1034 1226 iterumque
1051 1129 1263 1225 iterumque
1280 1130 1448 1225 rogabat.

496 1247 566 1322 Ille
583 1247 719 1321 referre
736 1248 842 1321 aliter
859 1270 961 1344 saepe
979 1246 1131 1319 solebat
1143 1245 1257 1319 idem.

447 1362 573 1438 Litore
590 1344 853 1437 constiterant:
881 1363 956 1435 illie
970 1386 1125 1461 quoque
1142 1362 1298 1460 pulchra
1315 1361 1486 1461 Calypso

498 1478 629 1575 Exigit
647 1477 799 1577 Odrysii
817 1477 894 1552 fata
910 1488 1066 1553 cruenta
1081 1477 1201 1552 ducis.
1416 1483 1487 1551 130

448 1594 517 1669 Ille
533 1593 606 1668 levi
623 1594 741 1692 virga,
761 1593 919 1689 (virgam
937 1617 1024 1667 nam
1041 1593 1135 1667 forte
1154 1593 1323 1686 tenebat)

499 1708 610 1794 Quod
627 1717 744 1805 rogat,
763 1708 802 1780 in
820 1708 942 1806 spisso
959 1709 1066 1782 litore
1082 1709 1204 1807 pingit
1220 1732 1329 1807 opus.

449 1826 555 1911 Haeo,
575 1825 709 1922 inquit,
728 1822 841 1922 Troja
857 1835 937 1900 est:
966 1827 1109 1921 (muros
1129 1826 1168 1898 in
1183 1825 1292 1899 litore
1309 1825 1438 1920 lecit:)

498 1940 572 2015 Hie
590 1941 657 2014 tibi
676 1940 726 2012 sit
745 1939 906 2015 Simois:
935 1942 1016 2015 haeo
1034 1964 1120 2015 mea
1136 1950 1261 2015 castra
1276 1949 1380 2038 puta.

450 2055 618 2155 Campus
636 2064 727 2141 erat,
744 2056 1016 2153 (campumque
1033 2055 1140 2151 facit)
1156 2081 1270 2154 quem
1287 2058 1391 2131 caede
1410 2056 1488 2131 Do-

595 2170 691 2245 lonis
1419 2177 1489 2246 135

500 2287 728 2387 Sparsimus,
748 2285 966 2362 Haemonios
983 2289 1074 2362 dum
1090 2289 1179 2385 vigil
1196 2299 1302 2389 optat
1318 2313 1449 2386 equos.

451 2403 534 2477 Illic
554 2402 715 2477 Sithonii
733 2401 880 2478 fuerant
896 2405 1056 2480 tentoria
1073 2404 1213 2479 Rhesi:

501 2518 585 2592 Hae
604 2542 674 2615 ego
689 2542 773 2591 sum
790 2519 907 2617 raptis
925 2530 1032 2617 parte
1047 2530 1216 2593 revectus
1234 2520 1355 2617 equis.

452 2634 642 2732 Pluraque
660 2634 859 2733 pingebat:
889 2636 1035 2711 subitus
1053 2659 1140 2709 cum
1157 2634 1344 2733 Pergama
1355 2636 1492 2710 fluetus

501 2750 681 2838 Abstulit,
700 2761 739 2827 et
756 2751 874 2825 Rhesi
892 2776 979 2825 cum
996 2753 1094 2827 duee
1111 2763 1236 2828 cestra
1251 2777 1333 2828 suo.
1421 2757 1492 2826 140

452 2864 549 2941 Tum
568 2867 662 2953 Dea,
683 2868 800 2955 Quas,
820 2869 954 2967 inquit,
973 2868 1068 2943 fidas
1085 2870 1153 2944 tibi
1171 2870 1293 2944 credis
1311 2870 1421 2957 ituro,

503 2983 743 3059 Perdiderint
760 2985 869 3058 undae
889 2987 1040 3059 nomina
1056 2995 1210 3082 quanta,
1228 2985 1358 3058 videsl

455 3098 554 3197 Ergo
573 3124 654 3197 age,
674 3099 796 3174 fallaci
812 3102 944 3177 timide
962 3102 1108 3176 confide
1124 3100 1265 3197 figurae,

504 3214 687 3312 Quisquis
705 3239 767 3289 es:
796 3226 861 3291 aut
875 3218 1018 3315 aliquid
1035 3240 1190 3315 corpore
1208 3216 1324 3313 pluris
1342 3216 1452 3291 habe.

490 3424 545 3473 125.
564 3422 684 3487 Oquotr'es
700 3427 769 3473 illum
785 3426 859 3475 doluit
871 3442 951 3489 props-
1066 3425 1096 3473 ln
1116 3440 1165 3473 mea
1184 3427 1279 3488 captivis
1299 3432 1375 3473 oestro
1394 3435 1496 3473 rsuetss

394 3488 398 3503 “
455 3514 509 3546 rore
524 3496 651 3561 Calypsol]
674 3497 733 3547 Vid.
748 3498 846 3547 Homer.
863 3499 952 3564 Odyss.
1097 3501 1167 3562 equis.
1370 3498 1462 3548 Herus.

457 3577 486 3621 11.
503 3572 561 3621 20³.
579 3588 632 3637 sqq.
649 3580 675 3621 et
693 3572 758 3638 quod
774 3571 830 3622 inde
846 3574 952 3639 Propert.
1003 3573 1115 3621 Remus
1129 3572 1201 3621 etium
1220 3570 1356 3629 Bernensis,
1371 3580 1397 3621 et
1414 3573 1498 3638 probet

457 3644 594 3709 depromsit,
607 3645 628 3693 1.
639 3645 707 3710 Eleg.
717 3662 756 3694 xv.
767 3646 793 3695 9.
803 3662 856 3712 sqq.
1002 3646 1069 3695 loeus
1086 3646 1129 3696 lib.
1146 3644 1198 3694 xiii.
1214 3646 1276 3694 Met.
1291 3647 1348 3695 25¹2.
1362 3646 1404 3695 nbi
1418 3662 1444 3696 se
1459 3649 1497 3695 irs·

492 3720 548 3767 130.
574 3719 654 3785 Erigit
676 3720 770 3783 Odrysii
779 3720 839 3786 soto
856 3730 954 3769 eruenta
1001 3718 1424 3786 grmwrumdidt.sedvoxilh
1433 3731 1498 3769 sorte

456 3792 542 3856 duob]
561 3792 636 3842 Rhesi
643 3792 744 3851 scilicet,
751 3808 822 3858 quem
831 3792 954 3857 Odrysium
1004 3810 1052 3843 non
1069 3794 1157 3859 plnost,
1175 3792 1233 3859 quis
1250 3792 1386 3857 ambiguum
1404 3802 1497 3844 senten·

458 3873 534 3924 vocat,
545 3866 821 3931 ab‘Odryssmmgente,
832 3882 886 3931 quse
897 3882 954 3933 pars
1004 3867 1063 3917 tiam
1077 3867 1143 3924 feeit,
1160 3875 1186 3916 et
1203 3868 1311 3916 cumbae
1332 3867 1435 3917 construi
1451 3884 1497 3917 non

458 3939 564 3989 Thracis
575 3940 628 3997 fuit,
640 3940 682 3989 ubi
692 3942 816 4005 regnabat.
849 3942 888 3990 De
891 3942 956 4007 satir
1004 3942 1140 3992 debetnon
1156 3940 1220 3990 enirn
1233 3936 1327 3991 noctem
1337 3949 1497 4006 potentprss-

459 4012 955 4079 autemetmmtisquidem,vid.Homer.
1004 4023 1096 4064 sentem
1115 4014 1213 4079 pingere
1234 4022 1260 4063 et
1278 4014 1409 4065 ostendere.
1425 4030 1498 4079 quere

460 4086 570 4137 nisan.
581 4087 640 4135 434.
652 4097 677 4136 et
690 4087 806 4153 Penelop.
823 4088 901 4153 Epist.
915 4089 956 4138 39.
1005 4104 1060 4137 eum
1071 4086 1196 4136 Hnlniensi
1205 4086 1295 4143 malim,

459 4178 513 4212 cum
524 4160 595 4211 notis.
607 4160 670 4210 Ibid.
680 4162 711 4211 de
722 4162 823 4211 Dolone.
856 4162 947 4211 Auen.
1040 4162 1093 4211 Hor
1109 4179 1149 4227 ego
1165 4178 1214 4209 sum
1231 4162 1303 4223 captis
1317 4172 1384 4223 parte
1399 4176 1500 4208 reamur

494 4238 549 4285 138.
573 4236 652 4298 Captis
669 4246 733 4285 nocte
752 4252 851 4285 reverteas
868 4237 953 4300 equit.]
1069 4238 1139 4298 equi&

463 4312 573 4361 &sutus
581 4310 865 4377 potioressoripti.probe.
884 4312 955 4378 Ulys
1007 4308 1090 4371 Raptis
1099 4306 1173 4356 etiem
1183 4321 1265 4355 omnes
1276 4306 1325 4354 fere
1337 4306 1426 4371 scripti.
1436 4311 1499 4368 mpts'

460 4403 498 4435 ses
508 4386 532 4435 in
542 4385 670 4436 Sabiniano
679 4384 843 4451 responsione:
1006 4382 1070 4431 enim
1084 4390 1159 4437 erant,
1175 4387 1200 4428 et
1222 4379 1344 4428 celeritate
1364 4379 1400 4428 nti
1417 4378 1501 4429 debuit

495 4459 563 4509 Evasi
574 4469 597 4508 et
609 4458 723 4509 thracum
737 4475 790 4507 reso
804 4461 862 4507 durs
875 4458 956 4519 prolis
1007 4455 1099 4512 Ulixes,
1111 4463 1138 4503 ut
1148 4460 1275 4516 antequam
1284 4467 1329 4500 nox
1340 4452 1423 4509 abiret,
1433 4468 1500 4503 reve-

560 4534 638 4590 Rteso,
1007 4530 1110 4577 heretur.
1144 4526 1232 4574 Bura.
