3609 5967
421 797 491 863 EX
515 793 677 861 ΡΟΝῚὈ
702 791 794 858 LlB.
818 790 888 856 111.
913 790 1060 856 Eplsu.
1084 790 1147 856 IV.
1244 792 1309 858 tol

260 970 361 1068 Ergo
379 972 442 1045 alii
461 978 624 1043 noceant
639 966 798 1052 miseris,
816 974 1028 1064 optentque
1045 964 1181 1052 timeri,
1238 969 1309 1040 105

309 1087 522 1185 Tinctaque
540 1083 707 1158 mordaci
726 1081 872 1181 spicula
888 1080 977 1155 selle
995 1091 1141 1177 gerant.

260 1203 312 1276 At
330 1215 397 1277 tua
413 1201 649 1302 supplicibus
667 1200 803 1272 domus
821 1208 881 1271 est
898 1197 1058 1271 adsueta
1070 1190 1270 1294 juvaridis:

311 1316 355 1391 ln
375 1342 535 1416 quorum
553 1339 711 1391 numero
728 1338 790 1388 me
808 1337 942 1412 precor
959 1337 1044 1388 esse
1061 1312 1166 1388 velis.

573 1637 904 1713 EPISTOLA
938 1636 1006 1709 IV.

689 1782 891 1849 RUFINO.

263 1897 363 1973 Hinc
382 1899 451 1973 tibi
469 1922 546 1971 non
557 1920 692 1979 vanam
710 1894 902 1994 portantia
918 1895 1036 1971 verba
1052 1896 1227 1982 salutem,

314 2014 420 2090 Naso
434 2013 634 2088 Tomitana
651 2013 769 2087 mittit
786 2013 835 2087 ab
853 2013 947 2087 urbe
965 2023 1075 2101 tuus;

266 2130 396 2229 thue
414 2153 483 2204 suo
500 2129 626 2204 faveas
643 2129 810 2214 mandat,
831 2127 984 2215 Rufine,
998 2126 1209 2228 triumpho;

315 2246 360 2319 ln
377 2257 522 2320 vestras
540 2244 643 2319 venit
660 2243 692 2316 si
709 2255 837 2318 tamen
855 2243 918 2317 ille
937 2266 1084 2317 manus.

266 2361 337 2437 Est
354 2387 449 2461 opus
467 2360 661 2456 exiguum,
680 2359 875 2456 vastisque
893 2358 1088 2458 paratibus
1107 2360 1238 2459 impar,
1291 2369 1314 2438 5

315 2477 438 2562 Quale
457 2488 584 2550 tamen
597 2499 762 2573 cumque
779 2485 850 2562 est,
867 2487 911 2549 ut
926 2486 1055 2549 tueare
1071 2499 1175 2573 rogo.

267 2594 394 2668 Firma
411 2592 538 2667 valent
563 2615 632 2690 per
650 2616 705 2679 se,
726 2591 949 2689 nullumque
975 2590 1189 2666 Machaona
1212 2617 1315 2690 quae-

317 2710 378 2783 Ad
389 2709 574 2782 medicam
585 2708 725 2781 dubius
735 2706 905 2804 confugit
914 2731 1015 2804 aeger
1024 2731 1149 2806 opem.
1189 2710 1314 2805 [runtt

269 2826 355 2901 Non
378 2850 474 2925 opus
491 2837 551 2900 est
567 2824 716 2922 magnis
733 2825 883 2924 placido
901 2825 1042 2924 lectore
1061 2824 1204 2922 poetis:

318 2941 536 3026 Quamlibet
550 2941 708 3037 invitum
725 2940 993 3038 difficilemque
1010 2951 1154 3016 tenent.
1272 2945 1318 3016 10

268 3057 362 3146 Nos,
382 3057 521 3157 quibus
538 3056 731 3154 ingenium
749 3056 1039 3153 longiminuere
1057 3056 1219 3142 labores,

318 3173 397 3247 Aut
413 3172 528 3246 etiam
545 3172 690 3245 nullum
708 3170 863 3246 forsitan
884 3183 973 3246 ante
990 3171 1074 3261 fuit,

269 3289 422 3361 Viribus
440 3287 589 3375 infirmi,
608 3299 734 3362 vestro
748 3290 912 3364 candore
927 3290 1118 3363 valemus:

320 3404 445 3489 Quem
463 3404 554 3478 mihi
573 3404 605 3478 si
623 3405 767 3494 demas,
787 3406 914 3481 omnia
930 3416 1038 3505 rapta
1054 3415 1197 3504 putem.

305 3602 361 3650 106.
372 3599 441 3650 Aliae
454 3600 526 3651 dictis
537 3600 629 3651 acerbis
639 3601 771 3652 mordeant
821 3610 941 3657 ovantem.
960 3600 1002 3651 sed
1024 3601 1156 3650 laureatum
1172 3609 1262 3655 nmen,
1281 3615 1320 3648 nr·

271 3676 359 3725 Consti
374 3675 415 3724 Tr.
431 3675 457 3724 ii.
473 3677 531 3725 563.
544 3676 602 3726 665.
628 3675 723 3725 Alludit
740 3676 771 3726 ad
821 3679 877 3727 bem
894 3692 946 3726 esee
963 3676 1107 3741 ingressum:
1125 3673 1279 3739 triumphavit
1295 3689 1321 3723 e·

271 3750 388 3799 feritatem
405 3748 556 3813 Scytharum,
570 3748 670 3815 mgittm
680 3766 772 3801 veneno
822 3753 870 3801 nim
880 3751 989 3801 'liberine
999 3766 1065 3816 pror.
1077 3764 1139 3798 nnnc
1153 3756 1208 3796 enta
1222 3756 1322 3796 mortem

270 3822 439 3888 11ΰέ1100ῑὶ1ῑῦ·
467 3824 581 3872 Hum-
822 3826 936 3891 Augusti,
948 3841 996 3891 qno
1010 3833 1116 3889 tempore
1127 3831 1153 3871 et
1164 3820 1215 3871 hcc
1225 3837 1241 3870 ι
1251 3832 1322 3888 poeta

822 3901 868 3949 scri
887 3908 912 3949 ur
926 3898 1044 3955 ridentur,
1056 3912 1131 3962 quum
1143 3896 1194 3962 jani
1210 3903 1322 3960 quartum

307 3974 330 4020 l.
344 3971 396 4020 Non
412 3988 493 4019 marm
508 3972 627 4036 salutm]
646 3972 683 4021 Er
694 3969 773 4020 animo
822 3964 848 4014 in
881 3973 938 4013 outo
948 3978 1036 4013 mnum
1047 3961 1160 4026 degisset.
1185 3961 1283 4010 Mrcrn.

272 4045 316 4095 tibi
330 4054 454 4113 optatam
470 4044 527 4110 qnia
540 4061 624 4112 precor
637 4055 666 4095 nt
680 4044 713 4095 eis
724 4043 772 4094 stl-
855 4039 881 4086 7·
894 4038 974 4086 Firma
984 4037 1062 4085 valcat
1071 4051 1112 4096 W
1121 4051 1152 4090 te,
1162 4034 1222 4097 ἀοι]
1234 4034 1324 4083 Semi

272 4137 324 4178 rua.
335 4131 362 4171 ut
372 4137 408 4170 ee.
823 4119 875 4162 aet:
894 4113 1000 4177 Corpora
1016 4109 1084 4157 lima
1100 4123 1128 4156 ac
1142 4106 1223 4156 valida
1239 4122 1282 4172 per
1297 4121 1323 4155 ee

305 4198 330 4247 3.
342 4194 486 4258 Triumphe]
501 4195 539 4243 De
551 4193 648 4259 Illyrico
655 4191 774 4257 triumpho
824 4185 965 4242 comiatum,
988 4198 1065 4249 neque
1089 4197 1150 4247 opus
1167 4180 1261 4263 medico
1280 4179 1322 4261 ba:
1363 4212 1367 4219 .

272 4280 298 4320 et
316 4271 367 4319 hec
385 4278 411 4319 et
429 4268 548 4335 superiora
564 4269 608 4318 illa
626 4265 775 4332 accipienda.
824 4261 891 4318 tent,
907 4259 949 4325 qui
967 4274 998 4308 ea
1016 4263 1152 4306 conservet:
1171 4261 1247 4336 uolet
1258 4253 1323 4334 ⁴bont

274 4347 398 4410 Nusquam
410 4344 474 4393 enirn
488 4342 546 4393 alibi
561 4342 661 4409 reperio,
671 4340 702 4390 de
713 4341 775 4390 Ger·
825 4349 854 4383 ec
876 4341 1017 4400 praetante·
1042 4338 1128 4396 poete,
1148 4342 1194 4412 pon
1215 4324 1326 4390 indigent

274 4418 352 4468 mania
361 4417 518 4483 triumphasse
528 4416 650 4466 liberium
661 4434 666 4462 :
678 4413 721 4464 sed
732 4413 774 4462 de·
825 4408 905 4457 lavore
924 4403 1026 4460 lectoria,
1041 4400 1137 4467 quando
1152 4414 1254 4464 ipsorum
1271 4412 1325 4447 cer-

274 4490 344 4541 vietis
358 4491 454 4557 Illyriis,
464 4490 607 4556 amenaque
622 4489 657 4539 illi
672 4504 726 4537 ωιι
743 4489 775 4537 ob
825 4480 978 4546 mineperee
988 4471 1187 4526 commendabilia
1195 4478 1269 4557 sunt..
1325 4540 1328 4545 Ι

274 4561 713 4631 remtriumphninpraesenequidem
724 4569 775 4609 tum
857 4558 883 4606 9.
903 4554 957 4603 Non
974 4566 1030 4612 opus
1047 4558 1081 4597 ert
1100 4549 1189 4612 magnii
1207 4543 1323 4609 placida]

273 4641 304 4689 ob
318 4648 429 4689 moeetam
439 4638 546 4689 Variana
558 4637 628 4688 clade
644 4634 775 4691 civitatem,
826 4629 908 4679 Poetis
921 4622 1094 4677 excellentibue
1108 4637 1156 4673 uon
1171 4629 1208 4673 eet
1222 4635 1283 4688 opus
1298 4622 1328 4669 ut
