3609 5967
476 795 709 862 rulsrluu
733 795 824 860 LlB.
850 794 919 860 111.
943 794 1080 861 ELEG.
1106 795 1196 860 Xll.
1297 794 1361 859 sul

314 966 349 1040 Ο
368 978 515 1064 quater,
534 977 574 1042 et
591 969 743 1067 quoties
761 992 836 1040 non
855 977 914 1042 est
931 991 1141 1053 numerare,
1160 968 1336 1052 beatum,

363 1081 399 1155 N
402 1108 451 1157 on
469 1084 669 1159 interdicta
685 1084 746 1158 cui
764 1084 854 1159 licet
868 1085 962 1159 urbe
980 1084 1072 1158 frui!
1312 1085 1360 1154 26

312 1196 365 1271 At
381 1199 473 1273 mihi
491 1203 652 1276 sentitur
669 1202 736 1275 nix
753 1225 867 1276 verno
886 1202 966 1276 sole
983 1201 1119 1286 soluta,

362 1313 536 1415 Quaeque
552 1318 638 1391 lacu
656 1319 750 1392 duro
767 1319 831 1392 vix
848 1318 1037 1393 fodiantur
1056 1340 1178 1416 aquae.

315 1430 397 1519 Nec
422 1456 526 1508 mare
557 1434 770 1509 concrescit
800 1434 943 1530 glacie3
983 1457 1067 1520 nec,
1094 1443 1136 1505 ut
1162 1440 1263 1516 ante,
1295 1451 1362 1528 per

465 1549 606 1623 Istrum

363 1662 534 1755 Stridula
552 1664 795 1739 Sauromates
812 1664 982 1764 plaustra
998 1663 1184 1739 bubulcus
1202 1663 1292 1760 agit.
1312 1667 1362 1734 30

315 1775 506 1877 Incipient
523 1780 661 1877 aliquae
679 1790 806 1855 tamen
824 1779 898 1852 huc
917 1779 1057 1854 adnare
1074 1780 1222 1865 carinae,

366 1892 605 1992 Hospitaque
623 1895 660 1967 in
679 1894 791 1970 Ponti
809 1897 919 1971 litore
936 1897 1076 1997 puppis
1094 1897 1188 1972 erit:

315 2007 478 2083 Sedulus
496 2011 694 2086 obcurram
712 2023 851 2099 nautae,
870 2012 1050 2111 dictaque
1068 2014 1203 2098 salute,

311 2126 314 2133 ’
364 2124 465 2209 Quid
482 2127 621 2214 veniat,
640 2153 821 2225 quoeram,
840 2130 986 2227 quisve,
1007 2130 1193 2229 quibusve
1211 2129 1317 2201 locis.

316 2238 385 2313 llle
403 2242 557 2339 quidem
575 2243 724 2330 mirum,
743 2245 782 2318 ni
801 2245 850 2317 de
868 2247 1021 2342 regione
1039 2244 1254 2344 propinqua
1313 2248 1362 2317 35

363 2354 399 2428 N
402 2382 451 2431 on
468 2359 542 2433 nisi
558 2359 701 2433 vicinas
719 2370 824 2434 tutus
842 2361 956 2435 ararit
973 2385 1106 2459 aquas.
1146 2412 1151 2419 ·

315 2470 440 2547 Rarus
457 2477 505 2548 ab
524 2473 635 2548 ltalia
652 2486 799 2549 tantum
817 2500 920 2551 mare
937 2476 1065 2550 navita
1080 2475 1237 2561 transit3

368 2587 494 2664 Litora
510 2615 615 2665 rarus
634 2591 672 2664 in
689 2592 771 2666 baec
790 2594 975 2691 portubus
992 2594 1084 2666 orba
1102 2589 1216 2664 venit.

317 2703 406 2778 Sive
423 2716 550 2781 tamen
569 2707 687 2781 Graia
703 2706 843 2799 scierit,
862 2708 941 2781 sive
959 2706 1021 2781 ille
1041 2706 1175 2781 Latina

366 2821 470 2897 Voce
487 2823 613 2921 loqui;
642 2835 746 2900 certe
763 2823 904 2922 gratior
921 2825 1033 2921 hujus
1052 2823 1134 2897 erit.
1314 2825 1364 2892 40

317 2936 391 3011 Fas
418 2962 571 3037 quoque
597 2941 645 3014 ab
677 2966 741 3017 ore
772 2940 854 3015 freti
883 2942 1083 3038 longaeque
1110 2936 1363 3038 Propontidos

368 3052 454 3126 Huc
472 3054 637 3152 aliquem
655 3066 759 3129 certo
777 3055 861 3130 vela
877 3055 1030 3129 dedisse
1050 3054 1174 3129 Noto:
1235 3052 1363 3149 [undis

229 3194 233 3199 ·
315 3168 500 3267 Quisquis
517 3171 549 3243 is
567 3182 639 3258 est,
657 3173 813 3247 memori
831 3195 1019 3246 rumorem
1036 3194 1129 3244 voce
1147 3169 1297 3255 referre,

367 3283 417 3358 Et
433 3284 513 3359 lieri
530 3286 639 3360 famae
658 3312 822 3386 parsque
842 3287 1060 3384 gradusque
1078 3295 1225 3384 potest:
1262 3312 1265 3327 ·

316 3400 367 3486 ls,
386 3425 532 3498 precor,
551 3403 701 3476 auditos
719 3403 840 3502 possit
857 3426 1007 3476 narrare
1025 3401 1236 3500 triumphos
1312 3402 1361 3473 45
1472 3392 1475 3403 ’

366 3516 551 3604 Caesaris3
580 3527 620 3592 et
638 3516 746 3591 Latio
765 3518 914 3592 reddita
930 3527 1019 3590 vota
1035 3514 1142 3590 Jovi:

315 3631 459 3728 Teque,
478 3633 708 3720 rebellaturi,
726 3633 894 3720 tandem,
915 3632 1130 3716 Germania,
1150 3632 1276 3728 magni

365 3746 490 3822 Triste
508 3759 623 3848 caput
639 3748 801 3848 pedibus
820 3748 1065 3847 subposuisse
1082 3747 1205 3820 ducis.

349 4048 391 4096 ⁴4.
405 4048 573 4116 Etfim‘sume
581 4053 814 4115 parsquegrudusque
864 4050 942 4098 occiso
959 4049 1030 4116 paulo
1046 4055 1101 4097 ante
1117 4047 1235 4107 Quintilio
1250 4048 1323 4103 Varo,
1340 4049 1364 4096 iu

316 4123 408 4187 pom]
429 4125 504 4182 Quasi
518 4124 597 4175 dicat:
616 4124 706 4172 Rumor
718 4123 759 4173 ille
773 4140 815 4189 po
865 4122 1021 4173 Gennaniem
1036 4121 1120 4169 missus
1135 4121 1180 4169 boc
1195 4130 1301 4186 tempore
1312 4119 1366 4176 luit,

317 4198 411 4246 tentad
422 4207 515 4263 pestem
531 4198 645 4264 aliquem,
661 4214 703 4247 seu
715 4198 815 4264 gradum
866 4207 893 4246 ut
910 4196 1004 4246 cladem
1021 4204 1145 4261 accepturu
1160 4194 1322 4248 ulcisceretur,
1341 4204 1367 4241 et

317 4271 423 4320 veritatis
433 4271 565 4337 pervenire.
866 4268 1147 4321 Germanosinordiuem
1154 4267 1278 4331 redigeret
1295 4266 1366 4315 Hunc

350 4346 390 4393 47.
409 4345 489 4409 Teque,
500 4348 642 4403 rebellatrix,
650 4345 761 4408 uuum]
776 4345 816 4394 De
865 4360 922 4408 ergo
937 4352 1005 4409 optat
1017 4350 1096 4408 poete,
1107 4339 1209 4396 dedere,
1220 4348 1247 4387 ut
1260 4338 1311 4403 ipse
1324 4339 1366 4396 air,

317 4419 412 4468 'liberio
432 4420 539 4485 intellige
561 4420 606 4469 hoe
629 4420 690 4476 loco,
717 4436 763 4469 non
784 4419 815 4468 de
865 4416 1015 4467 rebellatrice
1029 4412 1168 4471 Germania,
1178 4428 1233 4461 cum
1249 4412 1367 4478 triumpho

320 4493 407 4540 Drusi.
432 4493 496 4542 Num
506 4494 598 4543 Drusus
605 4493 656 4559 jem
666 4493 741 4542 multo
751 4502 816 4548 ante,
866 4490 952 4546 redire,
976 4488 1049 4554 idque
1072 4504 1098 4536 se
1121 4504 1151 4536 ex
1176 4484 1257 4551 aliquo
1283 4487 1366 4538 audire

319 4564 388 4631 lapsu
398 4567 461 4632 equi,
473 4567 583 4632 perierat.
609 4567 719 4618 'liberius
729 4575 817 4624 autem,
867 4580 946 4631 posse.
968 4563 1054 4683 Sigen.
