3609 5967
457 786 693 854 TRISTIUM
716 786 808 854 ΗΒ.
833 786 904 854 ΠΙ.
928 787 1066 855 ELEG.
1091 789 1195 856 XIV.
1291 790 1360 861 ssiu
1435 816 1441 821 ’
1514 732 1519 749 ¹

307 958 379 1036 Est
394 961 485 1059 fuga
499 961 605 1036 dicta
621 962 726 1049 mihi,
746 986 821 1036 non
839 971 899 1039 est
915 963 1007 1061 fuga
1022 964 1128 1038 dicta
1143 965 1295 1053 libellis,
1385 966 1389 976 '

356 1076 431 1162 Qui
449 1077 590 1150 domini
608 1101 759 1177 poenam
777 1102 853 1152 non
872 1102 1043 1153 meruere
1061 1079 1153 1178 pati.
1313 1087 1358 1157 10

307 1189 421 1291 Saepe
438 1216 506 1292 per
523 1203 715 1267 extremas
733 1193 915 1292 profugus
932 1205 1043 1292 pater
1060 1195 1212 1270 exsulat
1229 1220 1336 1287 oras3

357 1306 462 1382 Urbe
481 1318 609 1382 tamen
627 1307 725 1383 natis
743 1309 888 1382 exsulis
906 1332 991 1383 esse
1008 1310 1111 1384 licet.

305 1421 473 1498 Palladis
491 1425 680 1523 exemplu,
699 1424 748 1498 de
766 1447 827 1499 me
846 1425 927 1499 sine
944 1436 1065 1500 matre
1082 1437 1210 1501 creata

356 1539 654 1631 Carminasunt3
676 1541 790 1640 stirps
801 1542 883 1615 haec
895 1542 1175 1640 progeniesque
1186 1567 1272 1618 mea
1282 1557 1355 1620 est.

305 1652 418 1731 Hanc
440 1656 510 1730 tibi
534 1656 783 1731 commendo:
812 1676 912 1755 quae,
933 1680 1011 1754 quo
1029 1657 1153 1755 magis
1177 1660 1269 1734 orba
1291 1683 1357 1760 pa·

459 1776 579 1860 ren'te,
1314 1780 1359 1851 15

358 1886 444 1962 Hoc
462 1888 531 1962 tibi
548 1888 662 1963 tutori
681 1888 830 1963 sarcina
846 1892 965 1988 major
981 1890 1066 1965 erit.

305 2001 401 2078 Tres
418 2003 510 2077 mihi
528 2013 618 2077 sunt
635 2004 716 2078 nati
735 1996 911 2101 contagia
927 2016 1056 2079 nostra
1073 2006 1216 2080 secuti:

358 2119 509 2195 Caetera
526 2118 585 2194 fae
603 2145 702 2195 curae
721 2121 772 2194 sit
789 2121 858 2196 tibi
874 2123 986 2196 turba
1004 2121 1152 2220 palam:

308 2234 407 2309 Sunt
420 2259 574 2333 quoqne
587 2246 742 2311 mutatae
758 2247 815 2311 ter
829 2237 998 2335 quinque
1012 2236 1202 2311 volumina
1215 2234 1356 2324 forme,

279 2430 282 2439 A
357 2348 538 2426 Carmina
553 2351 603 2426 de
620 2350 764 2425 domini
782 2350 914 2425 funere
931 2361 1040 2450 rapta
1057 2351 1138 2425 sui:
1307 2358 1358 2428 20

305 2463 404 2540 Illud
423 2491 520 2565 opus
537 2467 673 2566 potuit,
693 2468 725 2540 si
744 2492 820 2542 non
837 2468 942 2567 prius
960 2468 1043 2565 ipse
1061 2468 1265 2566 perissem,

355 2581 509 2655 Certius
528 2605 716 2656 asumma
733 2605 872 2659 nomen
889 2582 1029 2658 habere
1046 2606 1163 2655 manu
1180 2608 1188 2656 :
1284 2636 1287 2647 .

305 2695 343 2769 N
345 2721 419 2770 une
434 2697 687 2772 incorrectum
704 2698 837 2796 populi
854 2696 1027 2796 pervenit
1043 2698 1083 2770 in
1101 2720 1168 2785 ora
1177 2723 1186 2785 ;

355 2809 401 2885 In
419 2812 550 2910 populi
569 2812 778 2910 quidquam
798 2812 829 2886 si
847 2823 976 2887 tamen
993 2837 1058 2887 ore
1075 2806 1202 2886 meum
1220 2823 1292 2888 est.

305 2925 389 3001 Hoe
408 2951 573 3025 qnoque,
593 2928 722 3002 nescio
740 2928 846 3027 quid,
866 2928 1004 3002 nostris
1022 2927 1170 3026 adpone
1189 2928 1339 3015 libellis,

354 3042 515 3118 Diverso
532 3042 689 3147 missum
707 3045 811 3143 qnod
829 3044 899 3119 tibi
918 3044 966 3119 ab
984 3046 1075 3119 orbe
1092 3042 1207 3118 venit.
1305 3048 1354 3118 26

304 3157 416 3243 Quod
432 3159 666 3257 quicumque
679 3161 793 3255 leget,
806 3158 838 3233 si
852 3159 939 3257 quis
953 3161 1066 3256 leget,
1079 3158 1241 3233 aestimet
1254 3169 1356 3246 ante,

257 3321 261 3328 -
354 3273 623 3372 compositum
642 3273 719 3372 qun
739 3275 790 3348 sit
806 3286 990 3373 tempore,
1010 3298 1165 3373 quoque
1183 3275 1288 3363 loco;

304 3505 405 3555 lectione
418 3504 491 3555 nnius
506 3504 597 3555 codicis
610 3506 713 3554 νὶνονιιιη
729 3506 806 3555 Hein·
855 3505 921 3556 unde
935 3515 961 3555 et
975 3504 1077 3571 ἀμάτυρ
1088 3503 1180 3555 Grecis
1195 3504 1277 3566 dieta3
1300 3507 1357 3570 qnia

303 3580 352 3629 einr
372 3579 542 3629 emendaturus
559 3587 620 3637 eret,
640 3582 748 3629 Murrum
766 3580 806 3629 vel
855 3579 979 3645 Sapientia
987 3579 1059 3628 nulius
1068 3578 1116 3628 Dei
1125 3595 1211 3628 munus
1221 3579 1261 3636 sit,
1270 3588 1356 3629 eleum

301 3656 400 3714 purum.
434 3652 548 3702 Hennae.
855 3652 1268 3720 voluptatecorporisnoneonsisrnt.
1277 3656 1357 3712 Qum

336 3729 360 3775 8.
383 3727 467 3776 Beria«
489 3729 610 3776 nemesin
629 3729 687 3777 urle
707 3726 803 3790 meum]
854 3730 885 3778 ob
905 3743 1011 3785 cansam,
1030 3728 1116 3777 Musas
1135 3743 1231 3793 qnoque
1254 3728 1358 3792 virgines

305 3803 391 3865 &rpus
401 3801 475 3867 major
486 3809 670 3867 pessumarum
687 3810 770 3865 argute
780 3809 805 3850 et
854 3800 1073 3866 linxitentiquitas.
1108 3800 1188 3849 Pour.

304 3891 371 3925 vere:
393 3873 428 3923 sie
450 3874 494 3923 lib.
515 3873 541 3924 ii.
561 3873 592 3923 de
614 3874 708 3940 scriptis
724 3873 804 3938 virgi-
890 3876 929 3924 17.
947 3875 1002 3923 Tres
1012 3873 1213 3936 millenarum]
1229 3871 1353 3922 Tresillos

306 3949 385 4005 lienis,
395 3963 445 3997 uer.
456 3948 521 3996 5³3:
856 3949 887 3998 de
895 3950 955 3999 Arte
965 3948 1061 3998 arnandi
1071 3947 1144 3997 libros
1153 3947 1279 4014 significet.
1298 3946 1358 3994 Fra-

337 4022 549 4087 1l⁷eelegiturparr
563 4022 614 4069 ullu
627 4023 700 4087 magis
713 4023 741 4070 do
755 4037 805 4070 cur·
856 4034 910 4081 tres,
924 4039 986 4073 unns
1000 4022 1150 4072 Gallicanus.
1185 4022 1298 4086 contagia
1315 4039 1357 4069 no-

397 4103 517 4157 poretotu,
855 4107 912 4146 stra.
946 4097 1033 4144 Nostra
1049 4094 1126 4143 mala:
1150 4111 1205 4143 nam
1224 4104 1249 4142 et
1264 4094 1310 4159 ipsi
1327 4109 1356 4142 ex

371 4167 447 4221 Qum
454 4184 500 4215 nnn
510 4167 807 4234 &gilimusoederejunelue
856 4171 915 4219 urbe
926 4168 997 4235 ejecti
1008 4177 1072 4217 sunt.

402 4258 474 4290 aner.
706 4276 712 4282 -
892 4246 930 4294 19.
940 4242 1113 4307 Senemque]
1123 4242 1186 4308 Iege
1194 4242 1247 4289 sue
1252 4257 1261 4297 ,·
1273 4255 1359 4305 nempe

340 4316 378 4363 1³.
395 4316 501 4364 Paludis
518 4315 637 4380 exempla]
660 4314 741 4364 Tertio
759 4315 805 4369 Fu·
855 4334 918 4368 curm
930 4316 983 4365 ubi.
1015 4317 1108 4364 rinus.

305 4397 404 4445 summ,
414 4404 463 4438 rer.
473 4391 531 4439 041:
888 4392 929 4440 20.
940 4391 978 4439 De
987 4392 1073 4438 delsini
1074 4385 1185 4453 funera]
1201 4385 1285 4434 Subita
1294 4384 1358 4434 enirn

338 4463 570 4526 Auqnuueeapuu
569 4460 663 4526 futur,
671 4465 806 4520 simmam,
838 4464 1001 4530 ¹relegatione
1021 4478 1082 4528 opus
1103 4459 1164 4509 illud
1180 4458 1359 4509 inemendatum

403 4539 495 4597 mmai
857 4538 970 4587 emissum
979 4545 1025 4586 est.

374 4608 469 4668 lmus,
475 4628 527 4660 eum
536 4614 614 4677 clypeo
622 4613 752 4675 prosiluisse
759 4628 807 4667 uro,
