3609 5967
557 730 697 799 ARTIS
722 728 991 797 AMATORIAE
1012 730 1105 797 ΠΒ.
1129 732 1179 797 11.
1365 735 1387 801 8

347 907 407 981 Da
423 906 583 980 reditum
600 927 729 1003 puero,
749 903 848 977 senis
867 914 927 977 est
943 903 975 977 si
993 906 1113 1001 gratia
1129 905 1234 981 vilis:

396 1024 436 1097 Si
454 1048 528 1097 non
545 1022 600 1095 vis
618 1044 734 1121 puero
751 1043 918 1121 parcere,
937 1044 1050 1121 parce
1067 1022 1161 1095 seni.
1335 1028 1385 1098 30

344 1138 501 1213 Dixerat
518 1140 611 1211 haec.
631 1137 699 1210 sed
718 1147 757 1210 et
773 1138 867 1222 haec,
887 1146 927 1209 et
943 1136 1061 1211 multo
1077 1137 1186 1235 plura
1203 1138 1343 1213 licebat

394 1254 551 1329 Dicere:
581 1276 771 1351 regressus
786 1276 861 1327 non
878 1253 995 1328 dabat
1010 1254 1074 1327 ille
1091 1254 1182 1329 viro.

343 1369 453 1455 Quod
467 1370 577 1444 simul
591 1394 634 1444 ac
648 1370 777 1455 sensit,
791 1368 916 1457 Nunc,
929 1370 954 1442 ὀ
966 1394 1079 1457 nunc,
1091 1369 1261 1457 Daedaie,
1273 1370 1381 1457 dixit,

392 1484 604 1573 Materiam,
623 1488 701 1583 qut
720 1484 771 1559 sis
789 1484 1017 1582 ingeniosus,
1035 1486 1165 1561 habes.

343 1601 520 1677 Possidet
537 1626 584 1677 en
601 1614 732 1688 terras,
746 1610 785 1674 et
801 1600 970 1699 possidet
987 1625 1140 1699 aequora
1157 1601 1304 1677 Minos:
1332 1606 1381 1675 35

393 1718 475 1793 Nec
493 1720 602 1794 telius
616 1728 765 1804 nostrae,
785 1742 855 1792 nec
872 1728 978 1817 patet
994 1718 1094 1793 unda
1110 1717 1221 1816 sugoe.

343 1835 479 1909 Restat
494 1838 564 1910 iter
580 1837 695 1909 coelo:
725 1834 820 1907 coelo
836 1834 1065 1910 tentabimus
1083 1835 1149 1909 ire.

392 1949 452 2025 Da
469 1954 616 2025 veniam
632 1961 769 2052 eoepto,
789 1950 811 2024 J
815 1951 966 2050 uppiter
983 1951 1070 2039 alte,
1089 1974 1186 2025 meo.

342 2064 428 2140 Non
446 2092 516 2166 ego
534 2068 698 2143 sidereas
716 2067 863 2143 adfecto
881 2080 1036 2165 tangere
1052 2068 1176 2142 sedas.

390 2181 475 2267 Qua
490 2184 630 2281 fugiam
647 2184 839 2257 dominum
852 2184 968 2270 nulla,
982 2183 1053 2257 nisi
1067 2184 1152 2270 ista,
1165 2183 1226 2259 via
1240 2192 1311 2257 est.
1330 2185 1380 2255 40

340 2297 414 2372 Per
433 2300 554 2399 Styga
570 2301 680 2377 detur
699 2300 790 2375 iter:
821 2300 975 2399 Stygias
992 2300 1225 2375 tranabimus
1243 2298 1375 2373 undas.

294 2408 297 2415 ’
389 2414 474 2490 Sint
490 2418 580 2489 mihi
598 2426 739 2491 naturae
754 2416 840 2514 jura
857 2415 1029 2491 novanda
1044 2439 1151 2490 mcae.

338 2528 535 2627 Ingenium
558 2534 658 2606 mala
677 2556 778 2631 saepe
801 2542 964 2605 movent.
999 2532 1083 2629 quis
1103 2530 1274 2606 crederet
1297 2554 1378 2603 um-

385 2646 515 2721 Aerias
534 2636 723 2723 hominem
740 2673 893 2749 carpere
912 2673 1024 2748 posse
1040 2648 1146 2723 nasi
1231 2649 1376 2745 [quam‚

338 2761 552 2859 Remigium
570 2763 738 2837 volucres
757 2764 923 2862 disponit
939 2764 978 2836 in
995 2763 1124 2837 ordine
1140 2786 1301 2861 pennas:
1328 2766 1376 2836 45

389 2876 439 2950 Et
456 2878 538 2951 leve
555 2903 623 2976 per
638 2880 703 2951 lini
720 2880 869 2953 vincula
885 2880 1003 2953 nectit
1019 2902 1136 2976 opus:

338 2990 495 3090 Imaque
513 3016 600 3090 pars
618 2995 714 3067 ceris
732 2995 976 3091 adstringitur
992 2994 1079 3091 igne
1100 2994 1253 3069 solutis:

386 3106 607 3205 Finitusque
625 3133 728 3184 novae
742 3114 822 3209 jam
840 3112 946 3186 labor
962 3111 1052 3185 artis
1070 3121 1161 3200 erat.

334 3221 536 3298 Tractabat
552 3248 754 3323 ceramque
771 3252 865 3328 puer
882 3250 1101 3327 pennasque
1119 3225 1305 3312 renidens,

384 3339 545 3414 Nescius
563 3341 643 3415 haec
661 3342 825 3418 humeris
843 3366 948 3416 arma
963 3351 1094 3441 parata
1109 3341 1201 3417 suis.
1324 3346 1373 3416 50

333 3454 406 3528 Cui
423 3467 541 3554 pater,
559 3455 643 3545 His,
660 3458 793 3555 inquit,
809 3459 931 3557 patria
948 3468 1007 3533 est
1023 3457 1198 3531 adeunda
1213 3456 1370 3532 carinis:

383 3569 465 3645 Hac
483 3572 592 3646 nobis
611 3571 736 3646 Minos
755 3572 990 3671 effugiendus
1008 3597 1092 3672 ope.

364 3805 404 3853 45.
420 3798 451 3853 In
467 3805 546 3853 ordine
556 3805 665 3869 penora]
684 3805 744 3855 Arar
755 3806 826 3856 remi·
910 3808 951 3859 ⁶0.
969 3809 1039 3855 Ama
1047 3805 1154 3870 parata]
1173 3804 1287 3854 Francius
1299 3804 1373 3855 maie·

331 3876 396 3942 gium
410 3893 504 3942 quoque
522 3876 601 3926 Greci
618 3888 704 3928 vocant
720 3895 827 3929 nonnun·
878 3883 929 3939 bnt,
947 3884 1031 3939 mnata,
1047 3890 1074 3930 ut
1090 3879 1127 3929 bia
1146 3888 1212 3928 terre
1230 3887 1307 3928 vocat.
1327 3878 1373 3936 vel,

332 3950 468 4015 quarraria
490 3950 619 4015 AEschylus
640 3951 827 4016 Agamemnone,
877 3956 1140 4022 dona.scdperperanr,
1152 3952 1246 4002 adludit
1260 3952 1324 4002 enim
1341 3952 1373 4001 ad

331 4024 361 4073 de
380 4024 480 4081 Avibus,
500 4023 716 4089 στροφοδινοῦνται
738 4026 826 4093 πτερύ-
878 4028 974 4077 navium
983 4046 1047 4076 nm
1057 4027 1096 4077 vel
1104 4036 1253 4083 ammenta,
1266 4035 1293 4074 ut
1302 4040 1372 4074 voca-

330 4118 383 4165 γνν
399 4099 534 4165 ἐρετμοῖσιν
549 4100 706 4167 ἐρεσσόμενοι.
723 4100 828 4167 εἰρεσίαν
876 4103 972 4151 bantur.
991 4117 1046 4150 nam
1064 4116 1119 4149 mox
1138 4103 1241 4149 carim
1261 4106 1331 4148 vocat
1349 4106 1375 4146 et

330 4180 428 4241 πτερῶν
443 4174 560 4224 Lucienus
573 4174 634 4223 dixit
650 4175 675 4223 in
685 4174 782 4225 Timone
797 4176 827 4225 de
877 4177 998 4240 remigium
1011 4189 1090 4241 supra,
1106 4183 1131 4223 et
1144 4190 1204 4223 verr.
1217 4173 1257 4223 64.
1274 4172 1333 4220 veta.
1346 4177 1374 4219 ut

329 4248 464 4299 Mercurio:
490 4249 503 4299 ὁ
526 4250 573 4315 μὲν
598 4248 768 4311 ἀπελήλυθεν,
793 4250 826 4309 ὡς
877 4248 957 4299 Greci
970 4248 1039 4299 ὅπλα
1054 4247 1281 4314 Ησιὶοά.ίργ.627.
1296 4243 1371 4309 Apol·

329 4322 400 4374 domi.
416 4323 577 4389 τεκμαίρομαι
585 4325 670 4391 γὰρσρ·
677 4323 826 4391 εῐρισίρτῦν
876 4322 924 4373 lon.
932 4322 952 4373 i.
965 4325 1054 4373 {met
1064 4322 1138 4372 ceteri
1151 4322 1248 4388 passim.
1259 4317 1322 4368 unde
1332 4334 1370 4367 σι·-

331 4404 434 4465 στερῶν.
448 4398 482 4448 sic
496 4406 521 4448 et
532 4401 624 4447 alaman
636 4402 756 4465 ranigiarn
771 4398 825 4447 vir-
874 4414 938 4447 mero
953 4408 978 4446 at
995 4412 1112 4447 aarum
1127 4396 1230 4444 amem
1244 4399 1269 4441 et
1286 4390 1373 4441 similia

332 4470 401 4533 gilius
416 4472 441 4521 in
455 4472 502 4521 hac
516 4471 641 4522 endemde
658 4472 760 4523 Dedalo
778 4473 824 4521 Fa·
875 4471 953 4522 obvia.
985 4472 1077 4520 Banu.

332 4543 397 4593 bula.
410 4544 500 4594 Harsa.

925 4624 975 4671 1³2
