3609 5967
467 809 701 879 musuuu
723 808 815 879 mn.
841 777 870 875 r.
894 808 1032 876 nuno.
1057 809 1162 878 vm.
1275 814 1341 879 ιιι

290 985 427 1084 quue,
446 986 548 1085 quod
566 986 685 1084 ignoti
703 984 860 1072 faciunt,
879 984 1092 1059 valedicere
1110 985 1258 1074 saltem,

340 1100 392 1175 Et
407 1126 539 1177 vocem
557 1103 687 1201 populi
705 1094 937 1203 publicaque
956 1124 1023 1174 ora
1040 1102 1176 1199 sequi?
1201 1162 1205 1169 .

291 1216 467 1314 Denique
484 1218 663 1314 lugubres
680 1218 821 1303 vultus,
841 1237 1112 1313 nunquamque
1129 1218 1314 1292 videndos

223 1331 229 1341 '
340 1333 507 1408 Cernere
525 1357 715 1433 suprcm0,
734 1334 826 1407 durn
844 1334 1040 1430 licuitque,
1059 1334 1148 1408 diel

291 1447 583 1546 Dicendumque
600 1447 719 1523 semel
736 1458 818 1522 toto
836 1472 912 1522 non
929 1448 1091 1547 amplius
1109 1474 1189 1525 aevo
1289 1454 1338 1524 25

339 1562 540 1663 Accipere,
560 1573 600 1637 et
617 1563 726 1662 parili
744 1562 902 1637 reddere
919 1586 1024 1649 voce,
1042 1564 1150 1639 vale?

289 1679 342 1752 At
358 1680 485 1756 fecere
503 1680 567 1755 alii
586 1680 689 1754 nullo
708 1679 799 1752 mihi
814 1678 954 1752 foedcre
967 1679 1104 1774 juncti,

340 1795 394 1871 Et
411 1797 599 1895 lacrymas
616 1796 730 1871 animi
749 1797 858 1893 signa
876 1795 1016 1869 dedere
1034 1794 1106 1869 sui.

290 1911 417 1998 Quid?
444 1912 517 1987 nisi
535 1913 708 1987 convictu
726 1913 929 2012 causisque
946 1912 1158 2005 valentibus
1177 1937 1301 1989 essem

340 2027 537 2128 Temporis
555 2040 594 2105 et
612 2029 714 2127 longi
731 2030 882 2103 vinctus
900 2052 1029 2103 amore
1042 2028 1138 2102 tibil
1288 2033 1339 2105 30

290 2143 418 2230 Quid?
443 2146 515 2220 nisi
533 2155 592 2220 tot
608 2147 714 2220 lusus
733 2155 772 2220 et
789 2154 848 2219 tot
864 2167 952 2219 mea
969 2144 1068 2219 scria
1084 2168 1229 2232 nosses,
1357 2160 1362 2169 '

339 2259 413 2335 Tot
430 2287 579 2337 nossem
598 2264 704 2337 lusus
722 2261 897 2358 seriaque
915 2260 998 2358 ipse
1015 2259 1108 2335 tua?

290 2376 417 2462 Quidl
444 2378 475 2451 si
493 2379 681 2452 duntaxat
699 2376 834 2450 Romae
851 2375 945 2449 mihi
963 2374 1138 2472 cognitus
1156 2399 1274 2463 esses,

339 2492 521 2566 Adscitus
538 2493 652 2568 toties
669 2494 708 2567 in
726 2516 846 2591 genus
863 2515 976 2567 omne
992 2491 1089 2565 locil

291 2606 491 2681 Cunctane
510 2606 548 2681 in
565 2631 761 2706 aequoreos
780 2606 957 2682 abierunt
973 2600 1077 2681 irrita
1092 2607 1252 2681 ventos?
1287 2611 1340 2682 35

342 2722 541 2797 Cunctane
560 2722 725 2797 Lethaeis
742 2745 868 2798 mersa
879 2720 1050 2815 feruntur
1066 2721 1202 2820 aquis?

289 2837 327 2912 N
330 2861 380 2912 on
398 2861 471 2934 ego
488 2848 527 2912 te
545 2836 698 2937 placida
715 2838 885 2934 genitum
904 2859 988 2911 reor
1004 2838 1097 2911 urbe
1115 2837 1293 2924 Quirini,-

341 2952 461 3039 Urbe,
482 2977 566 3049 meo
585 2964 671 3053 quae
685 2955 766 3051 jam
785 2977 858 3027 non
878 2953 1054 3027 adeunda
1070 2953 1170 3051 pede
1187 2962 1267 3043 est3

201 3118 203 3121 v
290 3068 368 3144 Sed
386 3069 566 3167 scopulis,
586 3068 700 3143 Ponti
719 3091 816 3169 quos
834 3068 916 3142 haec
934 3068 1051 3142 habet
1068 3091 1135 3142 ora
1152 3067 1307 3156 sinistri,

338 3183 463 3282 lnquc
480 3183 568 3259 feris
589 3184 757 3283 Scythiae
778 3182 1077 3281 Sarmaticisque
1091 3184 1218 3295 jugis:
1288 3187 1339 3263 40

291 3301 342 3379 Et
356 3312 422 3377 tuo
441 3313 529 3376 sunt
546 3301 665 3391 silicis
676 3302 824 3383 ¹circum
843 3301 1052 3400 proecordia
1067 3324 1187 3390 venae,

341 3415 391 3490 Et
407 3416 569 3514 rigidum
586 3415 673 3492 ferri
692 3417 838 3492 semina
854 3427 990 3516 pectus
1008 3417 1170 3492 habent:
1198 3453 1201 3459 >

321 3703 361 3736 vv.
373 3687 415 3744 21,
432 3687 473 3737 22.
489 3687 609 3736 Wffiero
622 3687 790 3754 spuriividen·
840 3686 1104 3737 Ovidiusveotosdicit
1118 3703 1227 3752 quorem
1241 3702 1271 3736 ex
1286 3685 1338 3754 opi·
1405 3668 1410 3674 ’

289 3769 335 3809 tur.
717 3792 719 3796 -
839 3777 910 3811 mone
920 3769 1038 3811 veterum
1056 3777 1112 3811 nam
1122 3777 1192 3827 aqum
1203 3769 1269 3811 motu
1280 3776 1338 3811 ven

321 3836 362 3884 22
381 3835 413 3885 m
431 3852 505 3885 nocem
524 3834 623 3899 populi]
648 3836 789 3902 Supremum
839 3835 969 3894 toscrcari,
978 3834 1012 3884 art
1022 3835 1118 3884 Servius
1129 3835 1160 3885 ad
1168 3834 1260 3900 Vrrgi
1271 3836 1311 3886 76
1322 3834 1344 3886 a
1406 3874 1410 3887 .

288 3909 354 3959 ιιΙιε
379 3919 403 3959 et
423 3910 478 3959 valo
499 3910 658 3959 conclamare
690 3911 789 3959 Βιιιιι.
840 3908 980 3974 νειροοιιϋ
971 3925 1022 3974 Jam
1032 3908 1153 3959 laudatus.
1184 3909 1299 3960 Ηιιιιιι.

291 3981 740 4047 rotomnammonesomnium.
872 3982 1217 4048 damnanationem]
1236 3983 1338 4034 Romam

322 4059 362 4107 ³0.
379 4059 480 4108 Iunctus
489 4058 586 4123 amore]
604 4059 672 4108 Bene
682 4066 732 4123 opt.
742 4057 790 4107 Pa·
839 4056 957 4123 designat‚
967 4057 993 4106 in
1006 4073 1055 4123 qua
1070 4058 1177 4107 homines
1192 4073 1241 4107 non
1253 4074 1338 4117 ιιιιοι,

289 4132 332 4181 lat.
347 4140 371 4181 et
386 4149 447 4183 unm
460 4133 587 4183 Modiceus
603 4135 693 4181 vinctu
707 4149 790 4191 aaron,
838 4132 880 4181 scd
892 4132 970 4189 mites,
981 4133 1046 4182 nasci
1055 4132 1136 4182 solitos
1145 4132 1231 4183 innuit.

290 4222 346 4255 nam
353 4207 444 4273 sedere
445 4212 531 4271 juncti
541 4207 613 4275 paulo
623 4214 679 4255 ante
689 4221 790 4271 preces·
871 4208 912 4255 ⁴1.
929 4206 1007 4255 Silicis
1021 4206 1103 4271 νοω]
1125 4206 1229 4257 Etcum
1241 4222 1338 4254 mmo·

288 4290 360 4330 sent.
393 4281 481 4331 Ηιικι.
838 4297 877 4329 reo
891 4283 988 4329 minora
1002 4290 1095 4343 perona
1106 4281 1169 4346 gelu.
1203 4279 1235 4327 Et
1251 4279 1340 4327 Noster

322 4356 363 4404 ³4.
381 4357 486 4405 Adeon·
506 4357 571 4404 totio
589 4358 616 4404 in
636 4372 708 4421 genus
725 4372 789 4403 omne
838 4353 863 4403 in
873 4354 936 4403 Met.
946 4352 980 4403 ix.
991 4369 1054 4403 vers.
1066 4355 1130 4403 615:
1149 4353 1198 4403 Noc
1212 4354 1300 4417 rigidos
1308 4353 1339 4399 σι’·

279 4429 355 4493 Joet]
375 4430 436 4494 lege
448 4432 499 4488 loci,
508 4445 563 4479 eum
573 4429 654 4480 multis
664 4439 786 4491 veterum
837 4429 898 4484 lices,
903 4429 1026 4476 iollam
1034 4430 1059 4474 ἰιι
1066 4424 1264 4489 pemmosemm,
1273 4428 1338 4488 Σαρ-

288 4502 558 4569 dejocieetseriisjam
568 4512 624 4553 ante
633 4512 724 4569 egerat.
838 4495 1339 4568 ιισιόηρείῃσφυρηλατοςοῖαωλοσσός,
1357 4555 1359 4558 ¹

321 4578 364 4626 35.
381 4575 410 4626 ln
421 4592 530 4642 equoreas
544 4578 642 4642 mm]
663 4576 693 4627 iu
703 4578 789 4627 AEolr'os
836 4575 937 4627 l'neocr.
948 4573 1021 4640 ldyll.
1032 4572 1074 4628 22,
1087 4570 1118 4619 de
1129 4571 1231 4636 Amyco.

288 4649 463 4718 Rotteodorph.
490 4666 533 4718 pro
558 4651 653 4702 dirersa
677 4651 788 4702 lectione.
