3609 5967
448 736 492 806 54
738 736 777 801 Ρ.
802 724 965 800 0v1n11
986 732 1200 801 NASONIS

451 912 623 987 Annulus
641 920 684 983 ut
701 908 778 995 liat,
796 908 918 1007 primo
933 907 1121 981 colliditur
1137 930 1292 984 eurum:

372 1002 376 1019 ⁸
503 1024 607 1113 Quas
625 1024 753 1123 geritis
769 1033 907 1109 vestes,
925 1021 1078 1097 sordida
1092 1022 1179 1096 lana
1193 1020 1276 1097 mit.

453 1144 552 1219 Cum
569 1143 687 1228 fieret,
707 1140 803 1241 lapis
821 1162 933 1239 asper
949 1148 1051 1228 erat;
1079 1162 1179 1212 nunc
1196 1138 1322 1213 nobile
1339 1138 1489 1236 signum

504 1258 618 1333 Nuda
635 1257 763 1333 Venus
781 1255 952 1329 madidas
969 1254 1148 1354 exprimit
1164 1254 1283 1329 imbre
1300 1278 1442 1329 comas.

453 1372 512 1449 Tu
530 1398 682 1472 quoque
698 1374 789 1448 dum
807 1373 953 1459 coleris,
972 1395 1041 1446 nos
1058 1383 1098 1445 te
1113 1372 1276 1445 dormire
1294 1383 1493 1471 putemus3

503 1488 639 1589 Aptius
657 1512 680 1563 a
696 1488 842 1563 summd
859 1489 1092 1587 conspiciare
1109 1511 1235 1561 manu.
1419 1492 1493 1561 226

455 1606 534 1681 Cur
551 1606 641 1679 mihi
659 1615 748 1679 nota
764 1614 830 1678 tuo
848 1628 984 1679 caussa
999 1616 1059 1678 est
1074 1604 1247 1678 candoris
1264 1604 1303 1676 in
1321 1604 1412 1677 orel

504 1720 649 1797 Claude
665 1720 782 1795 iorem
798 1720 967 1808 thalami,
986 1722 1078 1820 quid
1095 1722 1188 1797 rude
1205 1721 1333 1820 prodis
1350 1721 1474 1820 opus?

456 1836 581 1911 Multa
596 1837 693 1911 viros
711 1836 857 1911 nescire
873 1837 998 1911 decet.
1025 1860 1113 1936 pars
1129 1838 1294 1911 maxima
1309 1860 1432 1911 rerum

506 1952 696 2039 Offendat,
716 1952 748 2026 si
766 1974 839 2026 non
857 1952 1034 2057 interiora
1048 1964 1168 2051 tegas.
1419 1956 1495 2026 230

455 2068 581 2145 Aurea
597 2094 683 2168 quae
699 2071 866 2171 pendent
882 2080 1013 2145 ornato
1027 2070 1137 2167 signa
1151 2070 1319 2159 theatr03

505 2186 668 2287 Inspice,
688 2210 802 2287 quam
820 2188 944 2263 tenuis
961 2188 1115 2262 bractea
1130 2187 1234 2284 ligna
1248 2195 1364 2283 tegat

457 2302 535 2378 Sed
552 2326 676 2401 neque
694 2302 742 2377 ad
759 2302 823 2376 illa
839 2303 929 2377 licet
944 2303 1097 2403 populo,
1115 2301 1188 2375 nisi
1203 2300 1317 2389 facta,
1333 2299 1484 2374 venire:

506 2416 587 2494 Nec
605 2419 676 2493 nisi
694 2418 878 2494 submotis
894 2419 1013 2494 forma
1029 2420 1198 2519 paranda
1212 2418 1314 2493 viris.

454 2528 507 2609 Aa
523 2558 597 2608 non
614 2534 820 2633 pectendos
837 2558 964 2610 coram
981 2536 1150 2635 prebere
1165 2536 1335 2635 capillos,
1420 2534 1494 2604 235

501 2650 557 2725 Ut
567 2652 720 2748 jaceant
734 2648 807 2726 lusi
825 2664 975 2752 pertua
991 2662 1108 2751 terga,
1127 2663 1262 2728 vetem.

451 3008 514 3061 Vide
524 3012 721 3078 quoqueduruu.
733 3013 876 3079 Epigrdvii.
998 3022 1090 3065 norm
1107 3013 1406 3064 eeterunbicrolul'eeur
1420 3010 1495 3061 mle-

484 3086 544 3135 ·224.
562 3086 635 3137 Nudo
647 3086 721 3136 Venor
731 3090 832 3137 madidus
845 3091 951 3151 reprimit
999 3090 1041 3138 bet
1050 3087 1175 3138 Francius.
1208 3088 1298 3138 Bm.

451 3162 522 3210 lubre
538 3160 636 3225 eomer]
660 3160 762 3211 Videtur
782 3160 813 3211 ad
832 3162 950 3212 Venerem
1031 3162 1089 3210 2³1.
1108 3162 1165 3217 ραι
1178 3161 1302 3225 perdum]
1323 3158 1394 3208 Forte
1410 3156 1496 3207 melium

452 3233 566 3290 ulludere,
587 3248 659 3298 quum
680 3232 854 3299 dommum
871 3235 951 3285 Greci
998 3235 1125 3301 legeretur,
1137 3237 1263 3298 splendeat.
1280 3235 1329 3285 vid.
1343 3233 1452 3284 new.
1468 3249 1495 3281 x.

452 3314 546 3356 ruunt
563 3306 746 3371 quodvidertur
762 3307 845 3357 similia
861 3324 875 3358 e
892 3310 951 3359 muri
1000 3308 1304 3359 oecumenium.

452 3380 558 3438 exeunti,
570 3380 649 3445 qualis
661 3396 677 3431 a
690 3382 772 3432 multis
787 3380 917 3433 artificibus
926 3393 951 3434 et
1033 3381 1497 3449 Spummotpmqmuptbptr·

454 3453 520 3520 pictu
538 3462 564 3503 et
583 3454 677 3520 sculpto
693 3454 747 3513 luit,
766 3465 794 3506 ut
815 3458 879 3523 upud
899 3457 950 3507 Pli-
1066 3467 1144 3507 τάκ.

455 3526 520 3576 nium
534 3527 614 3577 videre
627 3536 673 3577 eet.
695 3530 792 3579 Mrem..
817 3530 905 3580 Noster
920 3530 952 3581 ud
1002 3529 1050 3581 Ubi
1060 3541 1087 3581 et
1093 3533 1194 3595 pendeat
1203 3530 1253 3579 ulii.
1284 3530 1373 3579 Bou.

454 3600 952 3667 suumniqumltomoenbmmre·
1032 3606 1373 3661 mmmmm
1387 3605 1496 3669 ἅμα·

456 3674 538 3741 spicit,
553 3684 635 3741 etque
649 3677 721 3726 etium
733 3676 815 3728 adludi
828 3679 883 3729 inlr.
895 3680 953 3729 401.
999 3680 1063 3746 got]
1090 3680 1163 3746 Tegut
1179 3680 1231 3746 jam
1248 3679 1368 3745 preoenit
1384 3676 1497 3743 ruperimi

456 3764 504 3799 nou
520 3754 601 3799 tamen
620 3748 695 3807 illum,
714 3766 786 3815 quam
806 3753 911 3809 Merula,
927 3763 953 3803 et
1000 3761 1155 3819 peemetro.
1171 3751 1406 3819 ligoraneriunue.
1434 3749 1496 3799 Scri·

455 3836 511 3870 eum
527 3828 622 3871 eecutm
636 3821 687 3873 uine
702 3823 752 3873 ullo
766 3827 874 3875 crumino
887 3827 953 3876 Cris·
1000 3828 1115 3886 betium.
1128 3824 1497 3877 utulludeturadderiretiouem

454 3892 532 3960 pinur,
548 3911 579 3944 ex
594 3896 671 3945 Plinio
687 3896 753 3947 innui
770 3899 879 3957 creduut,
897 3916 952 3965 que
1002 3900 1075 3950 vocis.
1091 3904 1182 3950 broctm
1193 3900 1257 3950 enirn
1272 3916 1316 3949 eeu
1329 3898 1431 3965 βρέπω
1443 3897 1498 3949 ἀπὸ

455 3967 481 4017 iu
499 3968 568 4019 Bruti
584 3970 685 4019 Cullrici
702 3972 790 4037 templo
806 3974 852 4022 luit
868 3974 952 4040 punita,
1001 3977 1046 4024 τοῦ
1069 3974 1168 4039 βρέχειν
1193 3974 1327 4032 deducitur,
1353 3990 1369 4023 u
1392 3972 1498 4022 lineudm

455 4058 528 4109 quem
542 4043 702 4094 Praxitelem
716 4046 816 4097 fuciunt.
833 4062 887 4099 cum
902 4050 953 4099 Pli-
1002 4050 1204 4107 Hincbruetnrii,
1217 4048 1391 4114 πεταλούργα.
1400 4049 1498 4096 etme-

456 4115 519 4174 niur,
535 4116 579 4166 lib.
599 4118 663 4169 uvi.
680 4135 735 4186 cap.
757 4124 783 4170 5.
802 4120 864 4171 iuter
880 4138 953 4189 opere
1002 4133 1103 4182 teotoret,
1114 4125 1285 4174 πσαλοποωί.
1312 4124 1441 4186 megum
1450 4120 1498 4169 Ar·

454 4191 536 4258 Soup-
550 4202 679 4251 moenem,
696 4203 720 4243 et
735 4194 893 4245 Praxiteleurn
910 4214 952 4246 au-
1001 4196 1084 4246 nobiue
1091 4196 1387 4266 brmuotbjacuridibir.
1406 4195 1497 4244 linus.

455 4264 565 4315 recedere
575 4264 655 4315 dicat:
674 4267 795 4317 beceuim
805 4285 877 4335 prope
885 4272 952 4320 Mar-
1033 4271 1092 4318 234.
1110 4271 1194 4319 Formo
1205 4271 1332 4334 perena]
1351 4268 1498 4327 lluinieurir,

455 4346 504 4389 tem
514 4340 580 4390 undu
589 4340 666 4405 positu
676 4342 952 4410 nonfuitdvudnopr'oq·
999 4348 1094 4406 pindo.
1112 4346 1177 4410 quod
1192 4346 1261 4403 forte,
1279 4362 1323 4412 pro
1338 4343 1498 4402 concilianda,

455 4426 511 4462 nam
521 4430 569 4464 nun
578 4415 658 4464 rtatim
669 4416 761 4475 Venus,
771 4419 901 4469 utemersit
910 4436 951 4485 pe-
1002 4427 1028 4467 ut
1042 4422 1108 4482 plere
1123 4432 1223 4471 mauu.
1239 4422 1315 4487 spira
1331 4419 1382 4469 xix.
1400 4420 1456 4469 194.
1471 4427 1498 4468 et

454 4484 510 4550 lugo
522 4488 596 4539 Marti
610 4489 655 4539 suit
667 4491 760 4555 juncta.
773 4491 816 4541 sed
832 4506 887 4541 cunr
899 4492 951 4557 jam
1000 4496 1083 4543 dum
1098 4498 1226 4562 piurerup.
1239 4498 1295 4546 iffi.
1328 4495 1418 4544 nura

456 4560 564 4612 Vulcano
574 4562 616 4611 diu
624 4563 707 4613 fuisset
715 4575 797 4631 nuptu,
808 4575 834 4615 ut
841 4564 951 4615 omnibus
