3609 5967
468 758 536 827 224
768 755 807 825 P.
833 756 998 825 OVIDII
1022 757 1237 826 NASONIS
1302 786 1316 803 ·

472 932 646 1030 Quaeque
662 930 730 1004 viri
748 933 861 1005 docto
876 940 1023 1006 veteres
1042 954 1181 1030 cepere
1199 932 1362 1033 novique

522 1048 696 1135 Pectore,
716 1047 868 1122 lecturis
887 1047 1124 1146 inspicienda
1140 1058 1285 1146 patent.

473 1164 699 1249 Quaerebam
716 1164 864 1252 iratres,
884 1165 1057 1263 exceptis
1075 1163 1221 1239 seilicet
1237 1165 1324 1252 illis,
1475 1172 1524 1241 65

522 1279 628 1364 Quos
647 1304 738 1353 suus
756 1290 906 1378 optaret
923 1305 998 1355 non
1017 1282 1193 1376 genuisse
1209 1304 1369 1379 parens:
1410 1270 1414 1277 ⁸

471 1395 714 1480 Quaerentem
732 1394 870 1468 frustra
886 1405 1015 1469 custos
1033 1420 1107 1481 me,
1127 1396 1281 1473 sedibus
1299 1397 1372 1469 illis

521 1509 768 1606 Praepositus,
789 1520 921 1583 saneto
934 1510 1050 1607 jussit
1068 1510 1172 1584 abire
1188 1511 1285 1585 loco.

470 1625 602 1699 Altera
618 1625 762 1722 templa
779 1625 881 1723 peto,
900 1625 1022 1698 vicino
1036 1627 1172 1722 juncta
1187 1625 1355 1713 theatro;

519 1738 614 1813 Haee
633 1764 786 1838 quoque
804 1752 912 1814 erant
929 1742 1090 1839 pedibus
1109 1766 1184 1816 nou
1201 1742 1380 1815 adeunda
1396 1741 1504 1815 meis.
1599 1753 1603 1759 '
1634 1726 1639 1735 ¹

471 1856 508 1929 N
511 1880 555 1930 ec
574 1880 647 1942 me,
662 1879 749 1952 quae
767 1855 891 1929 doctis
910 1866 1115 1952 patuerunt
1132 1850 1254 1954 prim'a
1270 1856 1420 1943 libellis,
1475 1861 1520 1931 71

521 1970 630 2044 Atria
647 1969 819 2043 Libertas
838 1980 992 2065 tangere
1012 1993 1128 2068 passa
1145 1994 1215 2043 sua
1234 1980 1303 2045 est.

473 2085 530 2160 ln
525 2109 657 2182 genus
675 2087 838 2159 auctoris
857 2086 984 2159 misen
974 2086 1150 2161 fortuna
1164 2086 1372 2175 redundat3

522 2200 575 2275 Et
591 2201 755 2299 patimur
771 2202 864 2289 nati,
883 2226 999 2300 quam
1017 2202 1131 2277 tulit·
1122 2226 1217 2302 ipse,
1233 2200 1372 2298 fugam.

472 2316 646 2390 Forsitan
662 2327 703 2390 et
719 2317 828 2391 nobis
845 2317 936 2391 olim
954 2318 1079 2392 miuus
1093 2341 1217 2416 asper,
1237 2328 1276 2391 et
1293 2318 1347 2392 illi
1395 2338 1399 2345 ·
1474 2323 1523 2392 75

524 2430 680 2505 Evictus
696 2434 809 2530 longo
826 2445 998 2533 tempore
1018 2434 1149 2507 Caesar
1167 2434 1251 2508 erit.

459 2546 537 2651 Di,
549 2572 693 2646 precor,
706 2559 821 2646 atque
840 2550 949 2637 adeo,
968 2573 1092 2647 neque
1110 2549 1211 2623 enim
1228 2548 1320 2622 mihi
1337 2549 1450 2624 turba
1466 2571 1523 2622 ro-

625 2662 750 2759 ganda
767 2674 839 2750 est,

525 2776 668 2865 Coesar,
687 2778 778 2852 ades
792 2788 894 2866 voto,
914 2779 1080 2853 maxime
1098 2780 1207 2867 Divo,
1227 2780 1332 2853 meo!

474 2892 636 2979 Interea,
655 2893 767 2969 statio
785 2895 965 2992 quoniam
983 2896 1075 2970 mihi
1092 2897 1245 2995 publica
1261 2896 1390 2970 clausa
1407 2905 1478 2981 est,

425 3010 433 3026 '
526 3007 678 3083 Privato
695 3009 810 3083 liceat
826 3009 1023 3086 delituisse
1041 3012 1146 3085 loco:
1476 3015 1525 3085 80

474 3245 501 3293 iu
523 3244 681 3299 Prometheo:
708 3246 789 3297 rucio·
810 3246 849 3297 ἐπ’
871 3247 976 3315 ἐχθροὺς
1027 3250 1124 3299 theano.
1140 3248 1244 3299 Theatra
1254 3248 1373 3305 Marcelli,
1385 3254 1427 3297 sul
1437 3248 1527 3299 cime-

474 3318 691 3383 wulframo«
700 3321 804 3387 κύπριςι
1025 3323 1052 3371 lii
1063 3322 1294 3389 Bulbi,propiuquo.
1326 3322 1398 3371 Μιιιι.

807 3396 878 3445 Pater
1054 3394 1529 3461 Heinsiusinlelligittemplumllerculis

509 3465 698 3531 Collaudolipu,
703 3468 798 3533 sorau
807 3473 926 3529 millam,
937 3487 976 3519 ne·
1025 3471 1168 3535 Musegete,
1184 3470 1214 3518 de
1229 3485 1277 3535 quo
1295 3486 1318 3517 v.
1336 3468 1486 3518 GelliumA.
1493 3469 1528 3517 N.

1027 3544 1076 3593 xix.
1087 3559 1109 3592 e.
1123 3546 1147 3593 6.
1168 3544 1250 3592 Burin.
1269 3558 1325 3591 vero
1341 3551 1410 3607 putat
1426 3541 1528 3591 Veneris

1027 3616 1131 3667 victricis
1150 3616 1273 3682 templum,
1296 3615 1402 3665 vicinum
1420 3614 1529 3681 Pompeii

508 3689 551 3737 63.
570 3687 724 3751 Quaequoiri
738 3688 824 3752 docto]
844 3688 977 3740 Bibliothe·
1027 3691 1135 3751 theatro,
1153 3692 1277 3755 Verpoorn
1293 3689 1397 3754 denique
1412 3688 1528 3772 porticurn

475 3776 529 3810 eum
545 3759 665 3825 intelligit,
674 3775 747 3825 quern
763 3761 887 3827 Augustus
904 3763 978 3812 aedifi·
1028 3763 1146 3820 Octaviae,
1156 3763 1259 3813 vicinam
1271 3762 1364 3812 theatro
1374 3761 1530 3820 Marcellini

475 3834 745 3899 navitiupastedomus
755 3836 882 3885 Palatina.
1028 3836 1330 3903 queAugustusalter-am'
1324 3835 1528 3887 instruxilbiblio·

508 3909 549 3957 66.
567 3908 699 3962 Quaerebam
700 3909 815 3974 fratrea]
834 3910 978 3968 Quaerebam
1027 3911 1132 3960 thecam.
1165 3910 1278 3960 Hauars.

475 3981 501 4031 in
510 3980 855 4032 eadewbiblioumcatem
864 3982 937 4033 libros
947 3984 978 4033 ab
1061 3984 1101 4033 73.
1119 3982 1150 4032 la
1165 4000 1238 4049 genus
1257 3986 1359 4032 ιιιιιιιιίι
1375 3982 1472 4047 αἰνή]
1498 3983 1529 4031 In

475 4054 564 4106 Ovidio
579 4055 737 4121 compositos,
763 4065 879 4123 tanquam
895 4057 979 4109 fratres
1028 4056 1100 4107 libros
1110 4056 1171 4107 filios
1181 4056 1283 4106 infelicis
1292 4056 1382 4107 Ovidii.

476 4146 542 4180 meos
551 4131 582 4179 ab
592 4129 643 4195 ipso
653 4131 753 4194 genitos.
1060 4132 1100 4179 ⁷⁴.
1114 4131 1145 4179 El
1153 4134 1256 4193 polimus·
1254 4130 1363 4196 sugam]
1382 4130 1414 4177 Et
1423 4144 1465 4178 uos
1473 4129 1529 4179 libri

508 4204 549 4253 ω.
565 4204 647 4251 Altero
663 4205 746 4265 ternpla
759 4204 832 4267 pata]
855 4204 918 4252 Sunt
935 4204 977 4269 qui
1028 4204 1110 4255 Ovidii
1120 4205 1240 4269 fugamur.

475 4278 515 4328 bic
531 4277 562 4327 de
576 4276 666 4342 templo
683 4276 782 4342 Magna
797 4276 977 4327 matrisiutelli-
1030 4318 1033 4331 .
1060 4275 1374 4343 75.Erilll.]1·3l0vi‹lio.

475 4361 552 4417 gant:
579 4350 687 4417 plerique
712 4351 744 4399 de
770 4352 858 4416 templo
879 4351 975 4401 Veste:
1060 4352 1099 4401 79.
1117 4353 1211 4416 Statio]
1231 4349 1528 4401 h.e.loeusinbibliollre-

476 4426 552 4491 magis
562 4426 649 4491 placet,
657 4433 753 4491 propter
761 4440 863 4489 sequens
872 4440 978 4482 carmen,
1028 4426 1070 4482 eis,
1082 4425 1221 4491 metaphora
1231 4424 1354 4473 anavibus
1362 4424 1448 4473 sumta.
1479 4423 1527 4472 Ce-

477 4500 606 4549 Libertatis
622 4499 709 4548 atrium
725 4498 854 4565 intelliges,
865 4499 930 4563 quod
947 4501 978 4549 ab
1027 4499 1087 4549 daut
1100 4498 1171 4563 igitur
1184 4498 1290 4547 earmina
1300 4496 1382 4547 Ovidii
1392 4512 1408 4545 ι
1417 4496 1527 4562 publicu·

476 4573 561 4621 Asinio
574 4573 682 4624 Pollione
698 4582 804 4623 erectum
817 4572 978 4623 esa-Vicina
1028 4589 1080 4623 rum
1090 4572 1290 4625 bibliothecarum
1300 4570 1419 4637 prefectis
1431 4570 1527 4636 rejecta,
