3609 5967
484 760 551 825 248
766 758 808 823 Ρ.
832 756 995 823 OVIDII
1019 755 1233 823 NASONIS

487 933 612 1032 Impia
628 934 820 1009 desertum
836 930 986 1029 lugiens
1005 928 1146 1005 Medea
1162 922 1373 1029 parentem,

537 1050 687 1124 Dicitur
702 1048 762 1123 his
779 1073 903 1124 remos
921 1047 1151 1148 adplicuisse
1165 1048 1283 1123 vadis.
1491 1052 1537 1123 10

487 1166 611 1252 Quem
630 1165 762 1265 procul
777 1175 819 1238 ut
835 1164 930 1238 vidit
947 1164 1093 1238 tumulo
1112 1165 1327 1264 speculator
1343 1165 1393 1239 ab
1410 1164 1507 1240 alto:

514 1348 520 1359 .
538 1281 703 1382 Hospes,
722 1283 788 1369 ait,
807 1305 937 1369 nosco,
958 1281 1157 1368 Colchide,
1176 1282 1271 1368 vela,
1290 1279 1406 1355 venit.

488 1398 590 1472 Dum
607 1399 798 1498 trepidant
815 1397 973 1497 Minyae,
985 1398 1077 1471 dum
1094 1397 1250 1470 solvitur
1267 1421 1406 1494 aggere
1422 1393 1536 1482 funis,

538 1515 642 1589 Dum
659 1517 831 1615 sequitur
846 1513 990 1590 celeres
1008 1514 1172 1589 anchora
1189 1523 1312 1589 tracta
1328 1536 1484 1600 manus3

488 1631 656 1706 Conscia
672 1632 860 1731 percussit
876 1633 1096 1707 meritorum
1114 1641 1269 1731 pectora
1287 1630 1454 1715 Colchis,
1491 1632 1536 1702 15

537 1747 643 1821 Ausa
660 1759 777 1846 atque
794 1772 932 1824 ausura
948 1748 1068 1822 multa
1084 1747 1247 1822 nefanda
1263 1770 1399 1821 manu:

489 1863 552 1951 Et,
572 1889 803 1963 quamquam
821 1875 996 1963 superest
1011 1863 1146 1960 ingens
1165 1863 1324 1937 audacia
1340 1859 1469 1948 menti,

538 1979 666 2054 Pallor
683 1981 721 2053 in
738 1981 907 2054 adtonito
924 1978 1077 2075 virginis
1096 2003 1161 2052 ore
1179 1978 1299 2052 sedet.

489 2095 590 2192 Ergo
602 2094 671 2168 ubi
690 2096 886 2194 prospexit
902 2095 1093 2170 venientia
1109 2095 1214 2183 vela3
1243 2104 1428 2181 tenemur,

539 2211 590 2285 Et
606 2223 714 2310 pater
731 2223 790 2286 cst
807 2211 936 2309 aliqua
951 2210 1083 2285 sraude
1101 2210 1315 2296 morandus,
1335 2208 1400 2282 ait.
1487 2212 1537 2281 20

491 2328 607 2412 Dum,
623 2327 715 2425 quid
733 2339 833 2423 agat,
850 2327 998 2424 quaerit,
1013 2328 1104 2401 dum
1117 2338 1242 2403 versat
1259 2327 1297 2400 in
1315 2325 1441 2399 omnia
1456 2323 1536 2397 vul·

538 2445 600 2518 Ad
617 2442 769 2521 fratrem
786 2456 878 2519 'casu
897 2445 1041 2519 lumina
1057 2445 1159 2519 flexa
1174 2442 1283 2517 tulit:
1314 2514 1316 2517 ,
1359 2456 1362 2463 ’
1445 2441 1536 2535 [tus

523 2678 561 2726 ll.
579 2678 673 2741 Quem]
692 2677 788 2729 Patrem
794 2675 900 2726 Medeae.
916 2677 989 2726 Mna.
1038 2678 1096 2727 bent
1106 2676 1161 2726 edd.
1173 2690 1218 2726 aee
1228 2676 1300 2731 male
1310 2674 1330 2722 si
1341 2672 1436 2737 legesis,
1447 2674 1522 2721 latis.

488 2754 573 2801 AEetes
588 2766 629 2800 rex
643 2751 701 2818 luga
718 2750 772 2800 lilim
791 2751 895 2816 cognita,
913 2750 990 2819 classe
1072 2752 1149 2800 Hostis
1164 2767 1219 2800 cum
1236 2748 1335 2799 Heinsio
1351 2747 1462 2796 emendat
1479 2748 1540 2798 vn-

487 2825 595 2875 caleriter
612 2826 734 2883 instructa,
745 2841 799 2874 eam
815 2835 842 2875 ut
859 2825 990 2891 mgientem
1038 2826 1106 2890 burg.
1123 2824 1150 2873 in
1165 2823 1264 2890 reliquis
1280 2818 1340 2871 nihil
1356 2829 1447 2871 mutet:
1464 2835 1539 2886 quum

487 2898 625 2957 retraheret
647 2899 707 2948 velis
728 2899 845 2965 remisque
868 2898 991 2948 insecutus
1038 2897 1174 2964 speculator
1182 2897 1346 2955 dicat,videns
1354 2912 1383 2945 ex
1392 2894 1540 2944 altotnmulo

486 2981 532 3022 est.
548 2975 627 3023 Pons.
660 2976 752 3023 Aballo
762 2975 859 3023 tumulo.
893 2974 990 3022 Ab'alto
1039 2989 1125 3022 navem
1141 2989 1167 3022 se
1183 2973 1276 3022 novisse
1286 2972 1340 3021 vela
1356 2969 1479 3028 Colchica,
1489 2970 1539 3020 sire

487 3047 549 3096 colle
559 3046 639 3097 Getici
649 3047 732 3099 litoris.
762 3047 903 3110 Sumlator.
936 3047 991 3097 Ali·
1040 3063 1069 3097 ea
1081 3046 1206 3103 Colchide,
1216 3044 1457 3112 quatientium
1478 3045 1540 3094 Var-

487 3121 541 3185 quis
561 3122 591 3170 ex
608 3122 760 3187 Argonautis,
770 3121 807 3170 vel
825 3138 854 3170 su
873 3120 991 3186 indigenis
1041 3123 1161 3171 menltros
1173 3121 1294 3187 Bithynia,
1305 3121 1375 3176 Cato,
1385 3122 1455 3169 solens
1467 3120 1538 3183 Surs-

487 3195 591 3260 Scythis,
602 3197 643 3262 qui
659 3197 744 3246 collem
760 3195 988 3261 adscenderatpro·
1040 3199 1099 3245 cauis
1108 3195 1225 3244 dixerant
1258 3196 1373 3243 Hsnrrs.

487 3276 612 3333 aperturus
623 3286 654 3319 an
664 3286 713 3326 eos,
724 3270 765 3336 qui
776 3279 844 3337 rapto
858 3285 929 3318 aureo
940 3269 988 3317 vel·
1077 3271 1114 3318 1³.
1130 3269 1274 3333 Argonauta
1285 3269 1371 3332 Astape
1381 3266 1440 3316 dicti
1450 3276 1514 3323 sunt,
1525 3282 1540 3316 a

487 3341 537 3391 lere
558 3342 708 3407 aufugerant,
729 3360 759 3393 ex
780 3342 896 3393 Colchide
916 3341 992 3408 aliqui
1040 3343 1135 3409 Minya,
1150 3343 1258 3409 Neptuni
1274 3342 1409 3408 filiastrius
1424 3357 1540 3407 pronepos

487 3414 675 3480 insequerentur.
1041 3433 1071 3466 ex
1100 3417 1149 3466 tilia
1174 3417 1220 3466 luit
1245 3417 1327 3472 Jason,
1348 3416 1539 3480 Argonautarum

477 3542 481 3547 ,
523 3490 562 3538 12.
578 3488 692 3539 Heinsius
708 3490 785 3547 malit,
797 3491 914 3556 probante
931 3492 991 3540 Ver·

487 3572 601 3629 pomam
626 3564 704 3613 Ham
725 3567 768 3620 air,
786 3580 859 3621 nono,
878 3565 992 3622 Curetim,

488 3639 546 3695 mla,
562 3641 634 3695 uenit,
650 3637 675 3687 h.
691 3654 713 3688 e.
731 3638 764 3689 sit
784 3639 902 3696 Colchidi,
917 3640 992 3692 boetis

417 3715 420 3727 ¹
489 3712 563 3779 venit,
580 3728 651 3763 nosco
668 3712 737 3762 rela:
758 3720 782 3762 et
799 3712 881 3777 pulcre
902 3723 991 3771 monet,

489 3786 597 3851 adposite
607 3787 720 3852 perplexe
729 3786 764 3835 uti
771 3786 875 3835 oratione
881 3789 991 3851 specula·

488 3869 571 3909 torem.
603 3862 684 3918 Quum
696 3876 751 3910 rem
766 3875 814 3911 non
828 3860 872 3909 soli
882 3861 989 3919 Medea,

487 3934 530 3983 sed
544 3934 653 3983 omnibus
668 3932 767 3998 Minyis,
778 3933 821 3999 qui
831 3933 990 3998 trepidabant,

484 4008 577 4059 clamet
586 4007 729 4073 speculator,
740 4009 900 4065 Burmannus,
911 4024 938 4059 se
953 4008 990 4059 lu·

488 4081 584 4131 beatius
610 4082 697 4145 legere,
718 4080 812 4130 scribit:
842 4081 929 4139 Hostis,
947 4085 989 4140 ait,

489 4155 749 4213 mantuana.
759 4159 835 4205 seatt:
852 4163 877 4205 et
886 4155 989 4205 similem

483 4231 649 4295 perturbatam
669 4229 752 4279 laudm
771 4228 901 4279 menonem
924 4228 989 4295 apud

489 4304 572 4355 Valet.
583 4304 663 4354 ilaec.
674 4303 706 4353 vi.
717 4305 758 4353 AB.
792 4303 858 4352 Mars
873 4320 944 4352 serua
959 4306 989 4353 ab

487 4380 544 4427 altis
560 4378 674 4428 Hestiaia
692 4379 826 4435 marianam,
836 4381 907 4441 aquis,
917 4381 988 4443 agite,

488 4455 529 4508 ite,
556 4456 702 4517 propinquet.
736 4450 800 4502 Edit.
828 4459 876 4500 set.
902 4450 989 4510 babet3

490 4523 905 4586 Humummcotctttmm
919 4529 989 4575 weit.

427 4634 432 4639 .
489 4604 516 4644 ut
532 4596 603 4645 etiam
620 4600 695 4648 codex
711 4601 798 4649 Monet
809 4609 834 4649 et
847 4600 930 4649 multra
947 4600 989 4649 ha·

1040 3492 1158 3558 princeps.
1191 3492 1231 3540 Ab
1239 3489 1324 3540 eodem
1334 3489 1429 3553 Minya,
1441 3487 1483 3555 qni
1494 3489 1540 3537 Or·

1039 3566 1150 3617 chomani
1161 3567 1186 3615 in
1196 3564 1322 3614 Thessalia
1331 3563 1455 3619 habitarit,
1466 3563 1539 3612 aiam

1040 3657 1100 3706 gena
1117 3640 1160 3690 illa
1175 3639 1387 3689 Orchomeniorum
1404 3636 1488 3686 satin
1504 3647 1541 3687 est

1042 3731 1126 3764 nomen
1138 3715 1283 3779 Minyarum.
1316 3710 1540 3762 Eleressaliaae·

1037 3796 1089 3837 ,tent
1098 3787 1197 3852 proiecti
1204 3796 1259 3837 sunt
1268 3786 1428 3851 Argonauta
1439 3785 1540 3851 ideoque

1041 3861 1114 3910 etiam
1131 3862 1165 3910 sic
1183 3862 1280 3923 Minya,
1297 3860 1364 3925 quasi
1382 3858 1501 3917 Thessali,
1516 3867 1541 3908 et

1039 3936 1163 4002 speciatim
1178 3934 1339 3993 Orchomenii,
1355 3933 1469 3999 adpellsn'
1489 3946 1541 3999 pos·

1039 4020 1102 4067 sunt,
1120 4018 1147 4058 ut
1163 4009 1235 4060 docet
1253 4009 1379 4060 Scholiast-
1395 4009 1508 4074 Apollon.
1524 4008 1542 4058 i.

1039 4085 1096 4133 2³0.
1114 4085 1270 4149 llerpoorten.
1291 4084 1330 4133 De
1347 4083 1439 4133 trades
1460 4083 1541 4134 confir

1039 4173 1135 4224 quoque
1145 4158 1233 4223 Begeri
1243 4158 1356 4225 spicileg.
1367 4157 1480 4224 ntiquit.
1486 4174 1541 4225 pag.

1042 4234 1156 4283 leo-130.
1190 4233 1303 4283 Hancne.

1072 4308 1183 4374 Aggere]
1196 4306 1263 4365 Quid
1270 4307 1302 4357 sit
1311 4307 1470 4373 egger,‹leeet
1480 4307 1542 4357 Ges·

1039 4380 1541 4439 ner.ThesLLsnbh.e.hoclocoest,

1039 4453 1113 4504 moles
1129 4455 1161 4504 sd
1177 4456 1330 4505 mountatem
1346 4462 1429 4520 portus
1442 4462 1541 4512 mets,

1039 4535 1064 4576 et
1074 4528 1165 4577 flumini
1174 4529 1264 4578 marive
1271 4530 1388 4595 opposita,
1399 4542 1430 4578 ne
1440 4528 1541 4579 inunda-

1040 4602 1305 4667 tioneagrirastentnr.
1339 4603 1454 4653 Hsssss.
