3609 5967
500 786 566 852 516
795 781 834 844 P.
860 775 1023 845 uvion
1045 760 1260 840 ursonis

503 961 656 1034 Innatat
673 957 775 1031 unda
790 954 886 1030 freto
902 949 1039 1037 dulcis,
1058 948 1251 1045 leviorque
1269 948 1414 1022 marina
1430 959 1502 1034 est,

515 1128 525 1134 -
553 1075 648 1162 Quae
664 1072 854 1173 proprium
873 1067 986 1141 misto
1004 1065 1053 1139 de
1070 1064 1150 1138 sole
1167 1063 1317 1163 pondus
1331 1064 1459 1139 habet.
1526 1142 1528 1145 ,

503 1184 669 1289 Si'roget
681 1190 763 1262 haec
776 1183 927 1284 aliquis,
946 1204 1013 1255 eur
1030 1179 1109 1267 siut¹
1123 1190 1275 1254 narrata
1291 1180 1450 1266 Pedoni,
1503 1183 1554 1253 65

552 1305 700 1392 Quidve
718 1302 823 1400 loqui
840 1298 955 1374 certis
967 1295 1107 1394 juverit
1124 1295 1198 1369 ista
1214 1295 1356 1384 modis3

503 1421 673 1507 Detiuui,
690 1420 828 1523 dicam,
849 1427 1011 1512 tempus,
1031 1435 1217 1509 curasque
1234 1411 1369 1487 fefelli:

552 1537 667 1611 Hunc
684 1535 848 1609 fructum
865 1553 1032 1631 praesens
1051 1528 1188 1602 adtulit
1204 1529 1297 1602 hore
1313 1528 1415 1602 mihi.

502 1653 704 1735 Abfnimus
722 1650 845 1751 solito,
863 1648 955 1721 dnm
973 1643 1172 1717 scribimus
1190 1644 1274 1729 ista,
1292 1643 1436 1729 dolore,

552 1769 598 1842 ln
617 1767 839 1842 mediisneo
858 1787 927 1857 nos
945 1760 1131 1836 sensimus
1145 1784 1231 1835 esse
1250 1760 1371 1835 Getis.
1503 1765 1554 1832 70

502 1886 555 1961 At
569 1898 623 1972 tu,
642 1909 718 1959 non
734 1882 880 1968 dubito,
895 1902 1019 1977 quum
1036 1875 1201 1951 carmine
1218 1876 1367 1951 Thesea
1382 1877 1527 1964 laudes,
1626 1958 1632 1967 ⁸

554 2002 725 2077 Materiae
743 1998 875 2074 titulos
894 1995 988 2094 quin
1002 2005 1132 2068 tueare
1148 2003 1244 2081 tuae3

503 2118 705 2216 Quemque
723 2114 850 2200 refers,
867 2112 1012 2186 imitere
1025 2110 1166 2182 virum:
1185 2117 1289 2182 vetat
1304 2108 1366 2182 ille
1384 2107 1554 2206 profecto

552 2231 764 2330 Tranquilli
782 2230 960 2305 comitem
977 2224 1158 2325 temporis
1174 2248 1259 2299 esse
1275 2224 1400 2298 fidem.

415 2422 419 2427 .
504 2349 580 2435 Qui
598 2370 819 2448 quanquam
836 2355 896 2420 est
913 2342 1022 2417 factis
1041 2342 1187 2438 ingens,
1206 2350 1246 2414 et
1262 2339 1434 2414 conditur
1450 2362 1474 2413 a
1490 2350 1529 2413 te

499 2492 506 2507 ⁸
554 2460 623 2539 Vir
640 2474 757 2550 tanto,
777 2472 920 2561 quanto
938 2457 1071 2533 debuit
1088 2481 1153 2532 ore
1171 2458 1277 2545 eani3
1506 2461 1555 2529 76

506 2581 577 2655 Est
594 2592 722 2655 tamen
739 2604 788 2655 ex
807 2578 870 2651 illo
888 2576 998 2650 nobis
1015 2573 1199 2648 imitabile
1216 2574 1410 2672 quiddam,

556 2695 679 2795 loque
696 2696 771 2769 fide
787 2693 959 2767 Theseus
977 2688 1137 2789 quilibet
1154 2712 1238 2763 esse
1256 2699 1395 2788 potest.

507 2813 594 2886 Nou
612 2812 681 2886 tibi
699 2823 788 2885 sunt
803 2794 933 2883 hostes
951 2806 1048 2881 ferro
1065 2805 1247 2903 clavaque
1265 2805 1454 2890 domandi,

556 2928 632 3002 Per
649 2952 746 3026 quos
763 2927 827 3000 vix
845 2925 912 2998 ulli
931 2922 1081 3022 pervius
1100 2921 1266 2997 Isthmos
1284 2933 1384 3027 erat:
1507 2928 1557 3027 {lo

537 3158 578 3214 ou‘.
598 3163 668 3212 Usdo
686 3162 783 3226 duleis]
809 3134 1008 3228 Aqunflurinlis
1058 3158 1118 3207 mihi
1128 3157 1206 3208 amieo
1216 3156 1298 3207 hdurn.

506 3232 632 3302 leniorque
649 3243 740 3287 morino
759 3248 801 3286 est.
840 3238 945 3286 Csnssm
966 3233 1008 3284 sd·
1091 3234 1131 3284 75.
1149 3233 1321 3296 Eteonditsr]
1340 3231 1418 3282 Recte
1431 3235 1541 3283 eonditor
1548 3253 1558 3292 ,-

505 3312 1007 3379 signst,quarenqusduloisinnstetnqun
1058 3308 1179 3357 nonenim
1191 3307 1284 3357 videtur
1298 3307 1434 3357 absolvisse.
1466 3307 1559 3359 Herus.

506 3386 612 3443 marine,
623 3385 817 3452 quinillnlerior
827 3395 872 3435 est.
1091 3382 1130 3431 77.
1148 3381 1191 3430 Est
1209 3391 1283 3430 tossen
1299 3384 1406 3445 quiddam
1422 3384 1556 3449 imitabile]
1585 3446 1592 3455 .

538 3459 579 3508 64.
592 3458 648 3512 Que
656 3462 775 3521 proprium
782 3459 944 3508 mistodessle
952 3474 1008 3520 pon-
1057 3455 1101 3503 Est
1120 3464 1201 3504 tomen
1219 3454 1311 3520 aliquid
1331 3455 1356 3504 in
1375 3472 1423 3522 quo
1438 3455 1556 3507 Theseum

505 3536 549 3581 dus
560 3531 665 3594 hohenb]
684 3534 745 3591 Qun
757 3546 820 3597 nqnn
830 3531 922 3580 marius
934 3529 1008 3580 habet
1057 3528 1144 3579 imitari
1156 3545 1287 3595 pomnmns.

505 3604 658 3670 gravedinem
679 3604 747 3653 illsm
767 3604 884 3671 propriam
906 3605 937 3653 sb
957 3604 1008 3669 ipso
1091 3604 1131 3653 78.
1147 3604 1220 3668 Inque
1229 3606 1281 3669 fide
1296 3605 1391 3653 Theseu
1405 3607 1499 3669 quilibet
1513 3625 1558 3656 esse

506 3680 575 3738 meri,
590 3678 665 3728 mixto
682 3687 763 3729 tamen
781 3678 851 3745 equis
868 3677 916 3727 illis
931 3676 1006 3727 dulei·
1056 3678 1149 3741 potest]
1167 3678 1199 3726 Et
1214 3678 1377 3744 unusquisque
1393 3678 1417 3727 in
1433 3696 1519 3738 amore,
1531 3691 1558 3731 et

506 3754 560 3802 bus.
1057 3751 1350 3817 fidesrnicisprnstsndn.
1357 3754 1558 3818 potest‘lhmum

538 3828 579 3876 65.
597 3827 648 3874 Cur
661 3828 707 3876 hec
720 3830 767 3875 siut
783 3836 882 3875 uenatu
898 3825 1006 3890 Pedoni]
1057 3826 1152 3884 initui,
1167 3835 1193 3875 et
1208 3842 1260 3875 esse
1278 3826 1341 3877 idem
1361 3827 1425 3891 quod
1444 3829 1493 3895 ipse
1511 3830 1559 3878 tuit

505 3897 555 3948 Cur
565 3899 617 3962 hnc
628 3898 780 3947 Albinovano
791 3898 891 3947 Pedoni.
1058 3899 1173 3958 Pirithoo,
1193 3916 1235 3966 pro
1256 3917 1304 3966 qno
1320 3901 1427 3952 Theseus
1442 3904 1559 3969 pugnavit

538 3974 578 4022 71.
595 3973 627 4018 Ae
647 3982 682 4027 tn,
700 3990 746 4019 non
763 3972 862 4035 dubito]
881 3973 954 4022 Nono
975 3973 1007 4022 sd
1059 3984 1142 4024 eontrs
1149 3973 1290 4023 Centauros.

508 4044 629 4094 Pedonem
639 4043 710 4094 vertit
720 4060 861 4102 sermonem,
869 4045 912 4111 qni
921 4045 1009 4096 Thesei
1092 4049 1132 4098 79.
1149 4049 1203 4097 Non
1215 4050 1256 4095 tihi
1265 4059 1321 4097 suut
1329 4048 1420 4113 mnes]
1439 4044 1510 4106 hlolo,
1520 4049 1559 4098 in·

505 4128 574 4185 gesta
583 4116 687 4168 carmine
697 4117 911 4183 complectebatur.
1059 4122 1119 4187 quit,
1130 4137 1172 4189 pro
1187 4138 1226 4170 me
1243 4138 1343 4187 pugnes,
1358 4123 1558 4189 qnemndrnodnm

538 4195 579 4243 ⁷2.
597 4193 685 4241 Titulos
696 4201 742 4240 tue
756 4192 878 4255 materie]
899 4191 1008 4241 Virtutes
1057 4197 1164 4246 Theseus
1173 4212 1215 4261 pro
1226 4195 1340 4245 Pirithoo.

505 4278 530 4317 et
546 4267 618 4318 fidem
635 4281 692 4331 erge
707 4265 796 4315 smioos
814 4266 849 4315 toi
864 4265 958 4338 Thesei,
976 4267 1006 4316 de
1091 4271 1131 4319 80.
1151 4270 1194 4318 Vis
1208 4272 1254 4319 ulli
1269 4274 1361 4333 peruius
1376 4271 1469 4321 lstbuos
1485 4274 1557 4338 eret]

506 4349 660 4408 quousotnt.
693 4339 791 4390 lsenim
804 4339 937 4389 Pirithoum
947 4336 1007 4391 dici·
1058 4342 1107 4393 Vix
1119 4342 1227 4393 Isthmon
1238 4343 1419 4394 Corinthiacum
1433 4346 1559 4412 qnisquam

506 4427 544 4465 tur
560 4416 621 4464 miro
635 4414 803 4465 benevolentis
820 4415 958 4480 complexus
971 4414 1009 4464 lu·
1059 4417 1124 4467 adire
1140 4425 1242 4483 poterat.
1274 4417 1394 4483 Designnt
1408 4428 1489 4468 antem
1502 4421 1561 4486 Scy·

505 4490 561 4540 isse.
595 4491 749 4545 Quintium
760 4500 813 4540 tue.
846 4491 897 4540 Cur
909 4490 1008 4540 nonde·
1059 4492 1108 4541 nim
1117 4492 1168 4557 (nel
1176 4492 1320 4556 Scyronem)
1332 4490 1447 4543 lotionem
1459 4495 1560 4544 sevissi-

492 4561 582 4611 ·sendis
603 4563 671 4614 illum
691 4562 817 4621 imitando,
831 4564 966 4615 exhibendo
983 4572 1007 4614 te
1058 4581 1132 4616 mum.
1164 4564 1221 4615 Duo
1242 4574 1322 4615 sutem
1343 4564 1429 4616 Isthmi
1455 4569 1562 4618 celebres
