3609 5967
482 763 547 831 412
777 765 816 829 P.
833 761 996 828 OVIDII
1020 760 1230 827 NASONIS

482 937 633 1036 Quique
650 939 755 1014 dolor
772 948 905 1037 pectus
924 936 1114 1034 tetigisset
1132 935 1295 1010 Gaesaris
1313 938 1392 1024 alti,

532 1054 643 1129 lllum
656 1056 810 1153 jurabas
827 1053 997 1153 protinus
1015 1076 1100 1127 esse
1116 1062 1246 1126 tuum:

486 1170 538 1245 Ut
554 1182 679 1245 tamen
697 1172 828 1246 audita
843 1181 904 1245 est
919 1180 1055 1245 nostrae
1073 1169 1141 1242 tibi
1159 1168 1279 1242 cladis
1297 1168 1413 1266 origo,
1472 1175 1521 1245 65

532 1286 677 1362 Diceris
694 1288 826 1362 erratis
844 1286 1072 1384 ingemuisse
1090 1285 1197 1360 meis.

480 1402 577 1477 Tum
594 1414 661 1477 tua
676 1428 737 1479 me
755 1404 917 1503 primum
935 1403 1047 1477 solari
1063 1402 1172 1476 litera
1186 1402 1314 1499 eoepit,

532 1517 583 1592 Et
599 1519 731 1593 laesum
748 1518 850 1593 flecti
868 1543 976 1617 spem
992 1519 1082 1592 dare
1100 1541 1212 1616 posse
1232 1516 1368 1591 Deum.

481 1633 602 1709 Movit
620 1633 794 1709 amicitiae
811 1644 892 1707 tum
910 1644 949 1707 te
966 1634 1179 1709 constantia
1195 1634 1329 1730 longae,

525 1751 626 1825 Ante
642 1761 726 1825 tuos
743 1762 847 1825 ortus
864 1775 950 1848 quoe
968 1751 1058 1824 mihi
1076 1760 1201 1849 coepta
1217 1748 1299 1823 suit.
1467 1756 1515 1824 70

479 1865 530 1942 Et
547 1869 649 1965 quod
666 1891 748 1943 eras
766 1866 848 1940 aliis
865 1866 999 1954 factus,
1018 1865 1110 1939 mihi
1128 1876 1239 1938 natus
1257 1864 1422 1954 amicus3

528 1984 716 2084 Quodque
733 1985 801 2058 tibi
819 1985 863 2057 in'
874 1985 981 2058 cunis
999 1983 1129 2057 oscula
1146 1982 1266 2081 prima
1281 1980 1392 2069 dedi;

425 2185 429 2192 ,
480 2100 603 2187 Quod,
620 2125 737 2199 quum
749 2111 873 2174 vestra
888 2099 1022 2174 domus
1040 2097 1179 2173 teneris
1196 2097 1287 2172 mihi
1305 2121 1454 2195 semper
1470 2098 1518 2170 ab

629 2217 735 2290 annis

528 2332 643 2407 Culta
659 2333 720 2419 sit,
739 2356 823 2405 esse
840 2341 947 2405 vetus
965 2352 1064 2403 nune
1082 2326 1151 2402 tibi
1168 2353 1282 2425 cogor
1299 2353 1404 2401 onus.

480 2449 547 2524 Me
565 2463 652 2525 tuus
669 2452 732 2524 ille
751 2462 869 2548 pater,
889 2448 1006 2523 Latiae
1024 2446 1198 2520 facundia
1219 2446 1367 2542 linguae,
1469 2449 1517 2518 75

528 2567 624 2652 Quae
641 2591 716 2642 non
734 2566 883 2640 inferior
900 2564 1095 2639 nobilitate
1113 2561 1194 2648 fuit,

477 2684 639 2771 Primus
658 2696 700 2758 ut
717 2685 893 2757 auderem
911 2682 1144 2756 committere
1160 2679 1327 2752 carmina
1344 2677 1464 2763 famae,

529 2799 702 2899 Impulit:
731 2801 870 2897 ingenii
889 2800 968 2872 dux
985 2798 1055 2872 fuit
1071 2797 1135 2871 ille
1154 2796 1252 2870 mei·

480 2914 517 2988 N
519 2940 575 3003 ec,
595 2941 670 3013 quo
689 2916 738 2990 sit
756 2917 916 3014 primum
934 2914 1042 2988 nobis
1061 2926 1267 3012 atempore
1284 2912 1422 2996 cultus,

529 3031 727 3107 Contendo
745 3031 896 3106 fratrem
915 3054 1027 3129 posse
1045 3030 1180 3103 referre
1197 3039 1315 3102 tuum.
1469 3031 1517 3097 80

476 3146 532 3221 Te
550 3159 674 3222 tamen
693 3158 780 3222 ante
797 3137 928 3221 ornnes
943 3147 998 3219 ita
1010 3170 1093 3218 sum
1110 3146 1343 3242 complexus
1361 3153 1402 3217 ut
1419 3166 1515 3215 uuus

527 3263 705 3348 Quolibet
722 3264 761 3336 in
778 3287 868 3337 casu
884 3262 1006 3360 gretia
1023 3280 1151 3334 nostra
1167 3261 1277 3333 fores,

480 3378 622 3453 Ultima
639 3406 699 3454 me
716 3393 842 3455 tecum
858 3379 964 3465 vidit,
983 3379 1202 3475 moestisque
1220 3379 1398 3450 cedentes

527 3492 692 3594 Excepit
709 3497 894 3594 lacrymas
914 3496 1019 3570 Italis
1034 3520 1099 3569 ora
1116 3494 1234 3592 genis

508 3727 549 3774 63.
566 3726 660 3775 Cereris
669 3727 734 3790 ulit]
753 3725 793 3774 Ad
809 3726 969 3784 altitudinem,
1020 3729 1132 3776 molestus
1142 3736 1166 3775 et
1176 3741 1300 3774 onerosus:
1320 3725 1361 3788 qui
1372 3724 1450 3772 tuisin
1459 3739 1515 3787 pue·

475 3815 517 3848 seu
528 3799 647 3864 festigium
662 3801 753 3867 imperii
768 3801 915 3851 referendum
925 3811 970 3851 est.
1020 3801 1074 3851 titia
1081 3816 1135 3849 rnen
1145 3801 1178 3848 sui
1189 3798 1350 3848 oblectationi.

477 3873 555 3922 Posr.
1052 3877 1091 3925 77.
1112 3877 1144 3923 Ut
1154 3878 1261 3923 eadm
1267 3876 1404 3922 committere
1412 3875 1515 3921 aurarius

507 3947 548 3994 67.
560 3946 705 4010 halicarn]
717 3949 883 4014 Tusepistola.
899 3949 970 3997 Mra.
1012 3951 1106 4015 summ]
1125 3952 1159 4000 Ut
1175 3949 1287 3997 auderem
1301 3949 1406 3996 carmina
1422 3963 1474 3994 mea
1491 3947 1515 3994 iu

478 4021 542 4069 Tunc
564 4030 605 4068 ton
622 4038 656 4069 me
673 4024 778 4083 primum.
816 4024 871 4071 Nou
888 4033 969 4070 antea.
1021 4025 1141 4090 publicum
1151 4023 1230 4073 edere.

475 4095 539 4154 Quid
557 4094 619 4142 enirn
638 4096 761 4153 solaretur,
778 4113 849 4162 quem
866 4096 970 4145 nondum
1053 4101 1092 4150 79.
1111 4099 1158 4146 Noe
1178 4116 1222 4161 qno
1236 4101 1265 4145 sit
1282 4095 1401 4160 primun]
1419 4096 1515 4143 Sors-av.

474 4170 732 4236 sontemeomperisser.
759 4172 830 4219 Mus.
1018 4174 1138 4225 Twisdsn.
1154 4181 1179 4222 et
1197 4174 1295 4235 Argunt
1309 4170 1437 4220 secuudum
1453 4185 1517 4233 quos

507 4244 547 4293 68.
566 4244 641 4293 Deom
662 4245 757 4308 lurum]
777 4245 912 4308 Angustum
933 4245 967 4292 nl·
1019 4247 1138 4313 rescripsit
1148 4246 1269 4301 Heinsius,
1279 4254 1304 4294 et
1318 4246 1353 4293 sie
1367 4259 1460 4307 quoque
1476 4258 1518 4290 ou-

475 4319 574 4368 sensum.
1019 4324 1065 4372 dex
1077 4325 1138 4371 Bar.
1150 4323 1216 4370 Sena·
1230 4320 1346 4375 Adfirmo,
1357 4320 1453 4367 fratrem
1471 4334 1517 4366 non

506 4395 546 4443 70.
572 4394 633 4442 Ante
650 4403 699 4442 roos
718 4392 802 4455 orum]
832 4391 968 4458 Antequam
1018 4412 1086 4463 posse
1101 4395 1285 4459 summissique
1300 4394 1401 4459 primunr
1411 4402 1517 4458 tempore

475 4467 616 4526 nascereris5
631 4475 687 4515 tunc
704 4465 766 4516 euim
782 4475 848 4531 patre
862 4476 904 4515 tuo
918 4477 968 4516 ute·
1019 4487 1034 4519 a
1047 4470 1115 4518 uobis
1124 4470 1203 4517 cultus
1213 4468 1252 4516 sit.
1264 4469 1288 4516 lr·
1297 4485 1319 4516 e.
1329 4484 1343 4515 a
1353 4467 1429 4532 prims
1439 4466 1516 4515 infan-

474 4540 517 4590 bsr
527 4541 680 4590 familiariter.
1018 4544 1202 4593 tisluitcultus.
1235 4544 1346 4591 Hsnsss.

496 4615 546 4668 ,74.
566 4616 632 4663 Vetus
642 4616 718 4678 onst]
739 4617 813 4665 Vetus
824 4617 914 4666 unricus
925 4617 966 4666 tibi
1049 4621 1088 4666 84.
1107 4618 1174 4665 iratis
1190 4617 1228 4680 (h.
1245 4635 1268 4666 e.
1288 4615 1387 4676 Italics)
1407 4633 1446 4663 ors
1465 4631 1517 4664 eor·
