3609 5967
509 767 650 834 ARTIS
671 767 939 835 nunroRlAE
962 769 1052 836 LIB.
1077 770 1147 837 ΙΙΙ.
1306 775 1370 858 731

317 941 399 1017 Nec
417 941 564 1017 scindet
580 942 771 1018 tunicasve
788 965 887 1028 uuae,
907 943 1100 1018 tunicasve
1117 945 1275 1042 puelloe:

367 1058 448 1132 Neo
464 1067 595 1157 raptus
611 1056 725 1131 flendi
744 1080 879 1132 caussa
893 1059 1052 1158 capillus
1069 1061 1152 1134 erit.
1279 1069 1353 1137 570

318 1171 396 1247 Into
411 1175 547 1249 decent
563 1197 712 1271 pueros,
731 1183 844 1247 aetate
861 1186 900 1247 et
917 1198 1042 1248 amore
1058 1176 1245 1252 calentes:

365 1288 437 1364 Hic
454 1290 533 1365 fera
549 1289 759 1388 compositi
777 1290 931 1364 vulnera
947 1302 1071 1364 mente
1087 1290 1194 1366 feret.

317 1403 470 1501 Ignibus
487 1407 547 1480 hic
564 1406 678 1481 lentis
695 1417 835 1489 uretur,
854 1416 897 1479 ut
914 1406 1067 1480 humida
1083 1406 1202 1496 toeda3

366 1521 420 1595 Ut
437 1522 548 1595 modo
565 1520 753 1595 montania
770 1521 863 1594 silva
879 1519 999 1594 recisa
1010 1521 1125 1618 jugis.

316 1635 464 1712 Certior
480 1638 541 1711 hie
556 1661 660 1711 amor
673 1647 753 1711 est:
783 1637 905 1709 brevis
923 1646 962 1711 et
977 1636 1171 1710 secundior
1187 1638 1261 1713 ille.
1278 1644 1350 1714 575

365 1752 461 1837 Quae
477 1752 636 1849 fugiunt,
655 1752 766 1826 celeri
783 1752 929 1851 carpite
943 1776 1059 1850 poma
1075 1777 1200 1827 manu.

315 1867 454 1943 Omnia
469 1870 674 1943 tradantur.
701 1879 827 1967 portas
845 1867 1091 1943 reseravimus
1109 1869 1229 1956 hosti3

364 1983 415 2058 Et
431 1984 535 2058 sitin
551 1985 665 2058 infida
682 1984 893 2083 proditione
910 1984 1018 2057 fider.

315 2098 426 2183 Quod
442 2101 551 2174 datur
568 2124 617 2174 ex
634 2099 734 2174 facili
751 2101 907 2196 longum
925 2099 1022 2173 male
1039 2099 1155 2172 nutrit
1172 2122 1349 2173 amorem.

363 2214 561 2292 Miscenda
576 2218 745 2292 est-laetis
763 2241 846 2292 rara
862 2217 1014 2315 repulsa
1025 2214 1135 2313 jocis.
1276 2220 1350 2290 580

313 2329 412 2405 Ante
428 2332 524 2407 fores
537 2335 684 2431 jaceat:
714 2334 888 2408 Crudelis
901 2336 1031 2431 janua,
1050 2333 1209 2405 clamet:

364 2445 562 2543 Multaque
579 2449 777 2535 submisse,
797 2450 915 2522 multa
930 2449 1116 2522 minanter
1133 2457 1233 2543 agat.

317 2558 453 2634 Dulcia
468 2586 542 2634 non
559 2561 734 2638 ferimus:
760 2587 876 2637 succo
891 2586 1112 2638 renovemur
1129 2586 1266 2636 amaro.

367 2675 477 2773 Saepe
494 2676 592 2774 perit
605 2678 727 2752 ventis
745 2680 879 2752 obruta
894 2680 1035 2776 cymba
1050 2678 1141 2750 suis.

316 2786 400 2864 Hoe
418 2801 488 2878 est,
507 2816 642 2867 uxorea
660 2793 762 2890 quod
779 2818 854 2866 non
868 2792 1033 2892 patiatur
1050 2793 1186 2866 amari:
1279 2794 1350 2865 585

367 2903 603 2981 Conveniunt
619 2907 715 2994 illas,
733 2932 819 2981 eum
836 2907 999 2994 voluere,
1018 2907 1097 2980 viri.

316 3020 427 3095 Obde
444 3022 560 3096 forem
574 3051 584 3111 3
612 3034 651 3097 et
668 3024 760 3096 duro
778 3024 879 3097 dicat
894 3023 965 3097 tibi
977 3024 1117 3121 janitor
1134 3046 1209 3109 ore,

364 3135 451 3210 Non
468 3148 590 3235 potes.
609 3140 804 3214 exclusum
821 3151 859 3214 te
877 3163 1030 3238 quoque
1048 3149 1178 3235 tanget
1195 3161 1309 3213 amor.

345 3338 401 3387 etr.
417 3338 593 3402 uanam]
612 3340 769 3390 Romaim
779 3357 804 3390 e·
853 3348 897 3397 est,
908 3342 1017 3396 acutiori,
1028 3349 1054 3387 ut
1064 3339 1165 3387 Plautus
1175 3348 1252 3395 vocat.
1261 3340 1349 3388 molitio

313 3410 371 3460 ditio
386 3411 461 3477 prima
474 3420 498 3461 et
514 3411 595 3478 teripti
612 3413 728 3462 melioret.
760 3415 803 3463 Se·
854 3413 990 3463 nunevobis
999 3413 1122 3463 utendum.
1155 3413 1243 3461 Arrun.

314 3486 396 3550 quenti
404 3501 472 3535 versu
483 3485 563 3542 iidem,
577 3487 608 3535 Et
618 3490 656 3546 rit,
666 3487 714 3544 vel,
726 3487 804 3553 Etfit.
886 3489 943 3538 687.
960 3489 1049 3538 Claude
1059 3488 1138 3554 fora:
1154 3491 1213 3536 duro
1229 3489 1293 3536 dicat
1307 3488 1348 3534 tot

313 3559 489 3624 hietaliqnid.
521 3561 597 3627 Lege:
847 3562 1006 3626 janitorum]
1026 3562 1117 3626 Regius
1126 3569 1150 3609 et
1162 3570 1209 3610 tres
1219 3560 1268 3609 alii.
1292 3561 1350 3608 Sen-

346 3633 381 3680 Sir
390 3650 433 3682 ano
441 3636 467 3681 in
476 3635 549 3698 iufidd
556 3635 757 3699 proditionefldet.
854 3653 894 3686 aue
906 3644 950 3694 eat,
962 3637 1086 3685 Obdantnr
1102 3634 1146 3684 tibi
1160 3635 1206 3700 ipsi
1220 3636 1281 3683 forae
1293 3642 1350 3691 tun,

315 3707 363 3755 Sue
372 3708 441 3771 fider,
458 3708 516 3773 quia
531 3708 666 3775 omiserat
683 3707 805 3757 omniane
855 3719 879 3759 et
895 3710 962 3760 dieat
980 3710 1024 3759 tibi
1040 3708 1100 3758 duro
1118 3724 1157 3757 ore
1174 3707 1276 3764 Janitor‚
1296 3710 1350 3757 Nou

313 3779 453 3832 traditurum
471 3781 557 3848 puellis
575 3799 621 3831 non
638 3782 716 3830 minna
734 3797 806 3846 qnam
854 3792 922 3850 putee
935 3782 1044 3842 admitti3
1060 3782 1159 3831 dubium
1175 3797 1222 3830 non
1237 3789 1282 3837 ast,
1293 3780 1351 3845 quin

313 3854 376 3903 viria.
408 3855 477 3904 Forte
487 3854 559 3903 etiarn
573 3855 708 3920 legendum,
721 3855 807 3904 Meuia
855 3867 879 3908 te
893 3874 996 3924 qnoque,
1013 3857 1034 3906 ai
1050 3855 1192 3912 excludaris,
1211 3854 1288 3904 uxoris
1303 3865 1350 3903 tuae

315 3932 498 3993 matamoro
507 3932 590 3978 σηπία.
622 3930 712 3978 Herus.
856 3947 921 3981 emor
941 3931 972 3980 nit
993 3939 1106 3986 teotonis,
1129 3945 1200 3995 quom
1223 3945 1286 3979 anne
1310 3929 1349 3978 vix

346 4002 806 4067 578.Ettitiniofiddproditiouefidu.]
856 4020 929 4054 amas.
945 4005 1033 4054 Herna.
1061 4004 1155 4052 Frustra
1164 4003 1200 4051 vir
1210 4003 1299 4052 clarita.
1309 4003 1351 4068 qui

313 4076 448 4142 Snbjnngee
468 4090 522 4124 enm
543 4076 684 4141 praecedent.
726 4077 808 4126 Portus
855 4079 913 4127 mihi
934 4093 981 4126 non
1001 4078 1093 4126 videtur
1112 4078 1254 4130 intellexiste
1275 4086 1350 4142 poetae

302 4149 593 4212 λνεωνιιυίωιιιῆιιιεί,ὅκα
610 4148 700 4210 Idem
716 4149 806 4208 ituros,
855 4159 967 4208 mentem,
985 4151 1027 4216 qni
1044 4151 1148 4216 puellam
1167 4151 1268 4216 primum
1285 4150 1352 4197 adlo-

314 4222 406 4286 puella,
424 4221 512 4288 quibur
533 4229 640 4271 amantea
658 4222 806 4289 deciperetiu
855 4225 944 4290 quitur,
960 4234 1085 4291 monetque
1099 4234 1127 4274 ut
1140 4227 1213 4274 iorem
1227 4223 1352 4283 occludat3

314 4295 402 4345 minu·
418 4295 527 4353 instruxi,
542 4304 570 4345 at
584 4295 622 4345 vel
635 4298 721 4361 infidia,
735 4296 806 4346 tidem
856 4314 957 4364 moxque
967 4315 1097 4349 sermonem
1113 4298 1229 4348 convertit
1242 4296 1273 4343 ad
1283 4310 1350 4343 amn·

314 4383 361 4418 non
379 4370 468 4434 poesim
487 4368 602 4436 deinceps
622 4386 668 4419 uon
686 4371 806 4420 adhibere.
855 4380 937 4430 torem,
958 4373 997 4421 eui
1020 4372 1116 4438 janitor,
1141 4386 1180 4419 ore
1201 4370 1271 4416 duro:
1299 4368 1351 4417 Nou

314 4441 645 4508 Qutproptemtiditnonitt
655 4444 729 4493 multo
739 4453 805 4510 poet:
852 4456 922 4507 potes.
956 4447 1026 4497 Unde
1036 4446 1071 4504 fit,
1080 4454 1108 4494 nt
1119 4445 1157 4492 vel
1166 4444 1287 4500 arelatum,
1298 4452 1351 4492 tan·

315 4513 493 4581 Pontugtaotoe
503 4518 704 4575 waramum
714 4517 806 4568 sulione
853 4522 1061 4585 gomagnamor.
1094 4517 1183 4566 Anna.

312 4587 411 4638 nimium
426 4598 500 4640 utu:
518 4601 542 4640 et
557 4595 631 4641 mro
643 4581 769 4658 pugnem,
780 4592 805 4640 u
