3609 5967
445 657 516 780 EX
540 711 701 778 ΡΟΝΤΟ
723 710 816 778 LIB.
839 710 869 778 1.
891 711 1040 778 EPIST.
1064 711 1093 778 1.
1227 714 1294 780 ato

246 891 365 978 Alter,
378 889 428 962 ob
444 887 532 960 huic
550 883 712 960 similem
729 885 899 982 privatus
916 885 1058 962 lumine
1075 886 1239 984 culpam,

299 1005 499 1080 Clamabat
515 1001 653 1086 media,
673 1025 715 1074 se
732 1001 929 1090 meruisse,
946 1003 1019 1078 via.

244 1119 353 1194 Talia
368 1121 542 1194 coelestes
558 1117 639 1192 fieri
657 1118 845 1215 praeconia
862 1118 1041 1214 gaudent,
1242 1122 1290 1192 55

297 1235 363 1325 Ut,
382 1261 452 1310 sua
468 1234 559 1333 quid
577 1235 728 1308 valeant
745 1235 911 1324 numina,
927 1245 1026 1310 teste
1043 1237 1218 1334 probent.

246 1351 357 1451 Soepe
374 1353 501 1426 levant
516 1373 663 1449 poenae,
681 1362 890 1448 ereptaque
909 1351 1052 1426 lumina
1069 1352 1244 1438 reddunt,

295 1467 424 1552 Quum
440 1470 538 1542 bene
555 1467 704 1565 peccati
721 1467 944 1565 poenituisse
961 1469 1100 1543 vident.

246 1583 412 1660 Poenitet
429 1586 472 1658 o!
499 1585 531 1657 si
549 1584 641 1680 quid
659 1583 881 1658 miserorum
897 1585 1064 1660 creditur
1082 1584 1161 1672 ulli,

294 1699 473 1788 Poeuitet,
491 1710 532 1774 et
547 1699 648 1773 facto
664 1712 843 1797 torqueor
860 1701 943 1798 ipse
961 1701 1065 1776 meo!
1242 1703 1292 1774 60

244 1815 451 1916 Quumque
464 1817 514 1891 eit
523 1817 710 1905 exsilium,
722 1817 843 1914 magis
853 1827 913 1891 est
926 1817 1018 1890 mihi
1029 1817 1143 1916 culpa
1152 1815 1289 1904 dolori;

296 1931 442 2030 Estque
460 1933 539 2030 pati
554 1955 699 2030 penae,
718 1956 835 2030 quam
849 1933 1045 2019 meruisse,
1065 1934 1201 2008 minus.

245 2044 300 2122 Ut
315 2048 407 2121 mihi
426 2049 476 2120 Dl
493 2048 654 2133 faveant,
670 2048 810 2144 quibus
827 2054 888 2122 est
901 2048 1135 2122 manifestior
1153 2049 1247 2147 ipse,

293 2162 414 2239 Poeua
430 2175 556 2264 potest
570 2165 685 2252 demi,
704 2166 819 2264 culpa
835 2167 1012 2263 perennis
1030 2165 1114 2240 erit.

244 2278 351 2353 Mors
365 2279 480 2354 faciet
492 2291 608 2366 certe,
624 2305 673 2354 ne
687 2281 771 2368 sim,
784 2305 903 2378 quum
912 2281 1067 2367 venerit,
1080 2281 1189 2354 exsul
1201 2309 1211 2370 ;
1242 2283 1291 2354 65

294 2396 356 2470 Ne
372 2421 449 2470 non
466 2397 668 2495 peccarim,
688 2421 789 2470 mors
807 2420 961 2494 quoque
979 2421 1054 2471 non
1071 2396 1197 2470 faciet.

245 2509 311 2584 Nil
328 2511 443 2608 igitur
459 2514 608 2601 mirum,
628 2514 660 2586 si
677 2537 785 2586 mens
803 2512 894 2585 mihi
913 2512 1044 2586 tabida
1060 2512 1160 2586 sacta

297 2627 357 2700 De
374 2628 459 2701 nive
476 2628 664 2701 manantis
681 2650 786 2702 more
804 2627 981 2724 liquescit
998 2650 1121 2726 aquae.

241 2914 299 2968 dete
309 2923 365 2964 aute·
375 2914 461 2966 altaria
473 2915 552 2975 laidis,
562 2916 586 2966 ei
597 2915 742 2966 sacrificato·
826 2917 867 2967 66.
877 2917 1039 2972 Qutuvauou
1049 2934 1092 2968 aaa
1102 2917 1218 2982 onmium]
1227 2917 1292 2977 Quid

241 3005 304 3047 rum,
323 2999 478 3055 posteaquam
502 3000 556 3057 poet
575 2991 742 3057 poeuitemiam
792 2991 886 3057 ponint
906 2992 1014 3042 Deorum
1034 2992 1104 3042 vires,
1147 2993 1217 3042 Tm.
1238 2993 1291 3044 Ali·

243 3063 299 3112 Dea
308 3064 404 3130 placata
412 3063 448 3112 illi
457 3065 551 3113 veniam
562 3064 638 3113 dedit.
792 3081 840 3130 quo
860 3073 969 3123 nocente,
988 3065 1013 3114 in
1030 3081 1102 3131 quem
1119 3066 1293 3116 animaduerte-

275 3140 318 3187 63.
334 3139 421 3202 Altae]
440 3137 538 3188 Scilicet
554 3138 646 3188 Iuacm
664 3153 741 3188 taem·
791 3138 848 3188 rint.

242 3212 295 3261 eloe.
330 3211 438 3260 Primtrc
453 3215 549 3262 lomina.
566 3213 677 3262 Privatus
684 3229 742 3264 ocu·
824 3214 865 3262 62.
884 3214 969 3277 Estque
982 3217 1033 3276 pati
1047 3215 1145 3278 penca]
1164 3215 1292 3266 Rationem

242 3286 272 3334 l‘u
289 3296 403 3352 tauquam
415 3287 531 3353 perjurua.
558 3287 659 3346 Quoties
676 3287 741 3338 enim
791 3285 911 3351 aduguat,
927 3303 969 3338 cur
990 3287 1066 3352 magle
1085 3287 1168 3338 doleat
1184 3288 1291 3346 crimine,

242 3375 285 3426 per
298 3360 388 3409 Itidem
399 3361 507 3426 juraateu
522 3361 594 3410 iidem
604 3378 651 3410 uon
661 3378 738 3412 serva·
790 3376 863 3425 quam
879 3359 972 3410 exsilio.
1005 3361 1070 3421 Quia
1082 3362 1158 3426 magia
1172 3378 1210 3412 me
1225 3363 1293 3428 augit

242 3435 310 3490 baut,
327 3435 498 3499 putabantura
513 3436 631 3486 Deaviau
644 3436 742 3502 privari.
791 3442 916 3498 peccatum
932 3451 1020 3492 meum,
1031 3450 1102 3500 quum
1119 3451 1191 3501 poeua
1208 3445 1233 3486 et
1246 3452 1290 3486 cx·

241 3509 353 3558 Juvenal.
362 3510 414 3558 Sat.
426 3509 476 3558 xiii.
485 3526 534 3558 ver.
541 3511 582 3559 93.
593 3527 636 3575 aq:
791 3507 879 3556 silium.
914 3509 989 3564 Quam
1003 3511 1116 3560 nuruum.
1139 3511 1219 3568 Quum
1236 3527 1290 3580 pec·

276 3583 391 3632 Decumt
406 3586 555 3646 quodcunque
571 3586 630 3634 uolet
643 3587 672 3632 dc
688 3601 740 3634 eor·
791 3590 872 3632 catum
882 3583 1036 3641 commisisse,
1047 3600 1095 3648 quo
1106 3583 1188 3634 videar
1204 3585 1291 3650 dignua

306 3669 447 3718 wnnmtro
790 3656 835 3706 tali
845 3673 927 3722 poeua.

276 3729 358 3788 1⁸5³,oe
365 3732 503 3797 iratoscriut
510 3749 558 3780 mcc
566 3734 655 3782 lumino
662 3736 741 3782 aiore:
823 3731 864 3779 63.
880 3731 970 3784 Qumis
979 3741 1011 3779 eat
1022 3732 1241 3797 manifestiorque]
1260 3733 1290 3782 Iu

275 3805 402 3856 Domui
423 3809 460 3856 vet
480 3823 551 3856 eccur
572 3817 669 3863 uacum,
688 3824 741 3871 quoa
791 3806 878 3870 quibus
887 3805 943 3854 Diir
959 3805 1009 3871 ipae
1020 3805 1143 3870 Augustus
1158 3807 1234 3872 magia
1248 3807 1291 3858 ad-

306 3883 398 3947 alungo,
409 3898 517 3930 mma.
790 3888 865 3945 paret,
876 3879 934 3944 quia
944 3895 958 3928 a
970 3879 1038 3928 uobis
1049 3878 1149 3930 videtur.

241 3955 522 4021 IuAnthologiaGratca
532 3954 653 4004 lucilius:
822 3954 863 4001 66.
876 3953 1121 4017 contammata]
1136 3953 1290 4006 &umbemit

434 4033 470 4096 μὴ
480 4031 608 4098 ςπαράσῃ
790 4025 883 4076 mimus
898 4043 975 4080 meua,
992 4035 1018 4076 et
1032 4027 1112 4076 dolore
1131 4028 1289 4094 colliquescit,

307 4105 536 4170 Trlv⁰1wroirw3
789 4110 816 4149 ut
827 4101 867 4150 uix
875 4100 908 4150 ad
920 4101 1027 4150 ardorem
1035 4100 1100 4150 solia.
1116 4102 1195 4150 Pour.
1279 4153 1284 4160 ,

241 4181 289 4230 lure
304 4190 329 4229 et
345 4180 449 4237 Persius,
466 4182 516 4228 Sat.
529 4197 554 4228 v.
568 4195 619 4228 ver.
634 4179 689 4235 186,
703 4195 739 4228 re-
822 4176 884 4225 Er'm
898 4175 963 4239 χιὼν
977 4177 1010 4234 ὥς
1028 4195 1066 4234 τις
1083 4174 1227 4226 rcrrrciatrc
1242 4193 1290 4242 μα-

240 4256 326 4320 spexit,
336 4253 400 4320 apud
410 4269 481 4318 quem
491 4253 604 4310 obcurrit,
853 4251 914 4314 ιρὸν
925 4248 1064 4314 ὑφἈῖμον.

174 4357 178 4362 -
338 4330 538 4377 metentium
548 4330 659 4376 mouet.
788 4321 1290 4388 Theocr.Idyll.uii.ver.76;et1dyll.

273 4405 315 4451 66.
332 4402 399 4450 Talia
413 4402 547 4466 preconia]
562 4402 646 4450 Talem
657 4415 740 4449 uocem
790 4396 858 4446 xxiii.
869 4399 976 4447 verul:

240 4475 366 4524 iatmtium
380 4491 425 4523 aua
439 4474 546 4534 crimina,
556 4484 582 4524 et
598 4491 625 4524 ae
639 4474 675 4524 ita
689 4489 740 4522 me·
822 4470 850 4520 ‘A
862 4469 1100 4536 limovicensium
1109 4469 1288 4522 τάεεταιὰνίκα

240 4549 306 4598 ritoe.
855 4545 954 4610 ταχθῇ.

889 4620 967 4668 Ara
