3609 5967
433 754 502 819 EX
526 753 686 819 PoN'ro
710 754 800 819 LlB.
826 755 874 821 11.
896 756 1042 823 EPIST.
1067 758 1115 821 II.
1232 762 1297 827 408

255 928 329 1013 Qui
346 928 491 1027 rapitur
506 926 605 1013 setis,
624 928 719 1023 quid
736 938 873 1026 praeter
890 930 967 1005 sate
984 930 1174 1027 requiret?
1231 942 1233 947 ’
1291 961 1294 971 ·

305 1044 416 1143 Saepe
433 1054 537 1117 creat
553 1042 687 1117 molles
704 1066 839 1142 aspere
853 1044 964 1143 spina
980 1068 1098 1121 rosus.

254 1158 328 1243 Qui
344 1159 487 1259 rapitur
503 1169 704 1258 spumante
721 1160 813 1248 salo,
833 1185 902 1234 sua
918 1161 1073 1237 brechia
1089 1162 1189 1237 cauti
1243 1166 1292 1237 35

302 1277 478 1374 porrigit,
497 1287 536 1351 et
552 1276 682 1375 spinas
698 1277 868 1375 dureque
883 1302 979 1353 sexa
994 1279 1109 1377 capit.

250 1392 482 1493 Accipitrem
498 1404 672 1469 metuens
689 1394 824 1494 pennis
841 1394 1118 1495 trepidantibus
1136 1394 1215 1468 eles

301 1510 430 1587 Audet
445 1511 494 1585 ad
511 1511 697 1584 humanos
714 1510 815 1586 fessa
829 1514 957 1587 venire
975 1512 1078 1586 sinus
1093 1538 1101 1586 :

254 1626 291 1699 N
293 1650 338 1701 ee
355 1651 397 1702 se
412 1624 535 1701 vicino
552 1626 701 1701 dubitet
716 1628 950 1702 committere
967 1637 1081 1713 tecto,

302 1740 400 1827 Quae
416 1741 514 1838 fugit
529 1740 685 1815 infestos
703 1742 833 1817 territe
849 1766 960 1817 cerva
976 1766 1102 1817 cenes.
1242 1744 1292 1812 40

253 1857 324 1947 Da,
340 1882 484 1957 precor,
500 1880 696 1932 accessum
709 1859 899 1957 lacrymis,
915 1859 1127 1945 mitissime,
1141 1856 1290 1941 uostris,

302 1974 386 2050 Nee
402 1974 560 2070 rigidum
577 1973 719 2048 timidis
736 1962 891 2049 vocibus
910 1976 1010 2049 obde
1027 1974 1168 2061 forem;
1283 2072 1285 2077 Ι

250 2090 451 2189 Verbaque
464 2100 594 2165 nostre
604 2090 734 2166 ferens
746 2091 919 2167 Romane
931 2092 979 2167 ad
990 2091 1144 2167 numine
1156 2087 1290 2188 perfer,

301 2208 338 2281 N
340 2232 389 2281 on
406 2208 476 2281 tibi
493 2206 655 2306 Tarpeio
672 2210 776 2283 cultu
791 2218 945 2283 tonante
964 2206 1088 2281 minus
1105 2233 1113 2281 :

251 2322 501 2421 Mandetique
519 2324 594 2398 mei
610 2323 759 2421 legatus
776 2324 927 2421 suscipe
944 2346 1121 2410 causum3
1240 2324 1289 2393 45

299 2439 415 2513 Nulla
430 2462 516 2514 meo
533 2440 706 2536 quemvis
723 2439 873 2513 nomine
890 2462 1005 2515 causa
1022 2440 1122 2514 boue
1139 2448 1209 2513 est.

248 2556 336 2629 Jem
353 2580 470 2655 prope
487 2556 695 2654 depositus„
714 2568 818 2631 certe
830 2558 911 2655 jem
928 2555 1098 2653 frigidus,
1118 2578 1217 2651 aegre

302 2673 480 2746 Servatus
497 2694 566 2769 per
582 2682 634 2759 te,
653 2673 684 2745 si
702 2673 815 2747 modo
831 2695 968 2759 server,
987 2694 1062 2746 ero.

249 2787 360 2861 Nune
377 2796 444 2862 tua
459 2810 528 2886 pro
544 2786 660 2886 iepsis
678 2788 819 2861 nitatur
834 2788 956 2883 gratia
972 2786 1098 2873 rebus,

297 2902 485 3002 Principis
501 2912 679 2977 aeternem
697 2927 812 3000 quam
829 2902 898 2976 tibi
917 2913 1070 3001 praestet
1087 2925 1211 2976 amor:
1239 2906 1288 2974 50

248 3017 359 3092 Nunc
376 3018 445 3091 tibi
462 3029 502 3092 et
518 3019 658 3116 eloquii
675 3020 774 3092 nitor
791 3020 854 3094 ille
871 3018 1101 3093 domesticus
1120 3017 1231 3105 adsit,

297 3132 384 3219 Quo
402 3143 550 3233 poteras
568 3134 725 3234 trepidis
742 3134 845 3208 utilis
863 3160 948 3209 esse
966 3133 1052 3210 reis,

246 3249 349 3323 Vivit
365 3249 465 3323 enim
483 3251 521 3321 in
534 3250 641 3324 vobis
658 3250 809 3324 facundi
827 3251 957 3347 lingua
973 3248 1152 3349 parentis,

297 3362 348 3438 Et
363 3389 423 3438 res
441 3364 620 3438 heredem
637 3365 803 3465 repperit
819 3366 883 3439 illa
900 3390 1022 3441 suum.

277 3630 439 3687 33,34.11ω
454 3627 572 3679 d'uticlrou
587 3645 603 3679 ι
616 3644 689 3680 rnuu
705 3648 740 3681 re·
821 3634 864 3683 44.
882 3632 977 3695 Tarpeio
993 3630 1106 3694 mrum]
1121 3631 1181 3681 Jove
1191 3630 1287 3697 Cupito·

244 3703 342 3753 ardori
357 3702 382 3752 iu
397 3702 456 3753 eod.
469 3703 531 3751 Bur.
542 3702 686 3768 adscriptum
696 3712 741 3761 est,
789 3706 846 3755 liuo.
878 3706 1021 3770 VidsVirg.
1040 3706 1096 3753 AEn.
1115 3703 1165 3753 viii.
1181 3706 1246 3765 652;
1263 3714 1287 3755 et

244 3789 269 3827 et
284 3779 354 3828 deest
364 3792 459 3843 quoquo
473 3777 500 3825 iu
514 3777 568 3827 diis
583 3778 739 3843 quibusdem:
790 3781 880 3830 [πω.
890 3780 973 3829 Pium.
984 3780 1001 3828 i.
1014 3781 1075 3840 1963
1092 3796 1114 3829 v.
1125 3779 1181 3827 306.

245 3870 284 3902 ov.
299 3855 340 3910 ³5,
354 3852 395 3901 ³6.
412 3852 484 3916 plne
501 3851 587 3901 dmut
607 3851 634 3900 iu
654 3852 741 3903 Buror.
822 3856 862 3903 46.
878 3854 1054 3919 Iaegutru‚&o.]
1074 3850 1285 3909 venundasset

244 3928 276 3977 B
293 3926 407 3977 lidorius
422 3935 549 3991 unumque
565 3925 685 3977 distichon
700 3942 741 3977 ru·
788 3936 873 3979 oretur.

243 4002 359 4070 padum
378 4009 404 4050 et
422 4000 555 4051 eumdum
578 4016 630 4051 erre
650 4010 739 4051 cerret.
821 4004 861 4052 47.
877 4004 932 4053 Jam
946 4020 1014 4065 prope
1027 4001 1160 4065 deposita]
1182 4000 1283 4051 Coniec-

244 4079 356 4126 Hrms.
788 4077 1001 4135 tusexeuimetur,
1016 4076 1138 4141 sepultus:
1155 4073 1190 4123 ric
1205 4074 1284 4124 Piuut.

274 4152 316 4201 ³8.
335 4151 738 4215 Purigrraamwrowm
791 4150 848 4199 Virro
867 4154 992 4214 depositus,
1016 4150 1039 4200 id
1067 4158 1112 4207 est,
1135 4146 1199 4198 Viuo
1221 4150 1283 4212 ropi-

241 4227 344 4291 Μαι]
362 4226 418 4285 Qui,
428 4226 514 4291 iuquit,
524 4224 581 4276 satir
592 4225 737 4292 rupitumo-
786 4234 834 4275 tus.

242 4300 737 4366 ietcuioumqueloeoetiumuperomruu
818 4302 859 4349 49.
871 4301 919 4349 Pro
928 4300 1014 4363 rom]
1033 4300 1080 4349 Pro
1090 4299 1160 4349 rebus
1170 4297 1237 4347 meis.

241 4376 373 4431 admovere
383 4384 411 4423 ut
419 4376 496 4442 majus
504 4375 636 4441 periculum
645 4376 727 4425 evitet.
818 4376 859 4424 61.
871 4373 942 4421 Nune
952 4372 1014 4436 rot]
1033 4372 1120 4421 Mulirn
1130 4372 1193 4419 niti.
1211 4373 1281 4421 Nune

273 4451 314 4499 37.
330 4448 452 4499 Adiudere
466 4450 560 4499 ridetur
571 4450 692 4516 Verpoort.
704 4450 736 4499 ud
786 4447 845 4497 mihi
865 4447 927 4497 uiuit
948 4446 1068 4511 eloquium
1087 4454 1162 4495 tuum.
1193 4445 1281 4497 Herus.

240 4540 310 4573 omen
321 4524 394 4572 livio
405 4523 502 4582 tartum,
511 4524 576 4588 epod
587 4524 653 4573 Suet
662 4524 735 4574 ouo.
787 4524 864 4577 Adsit,
874 4519 899 4569 id
917 4530 963 4578 est,
976 4519 1149 4585 patrocinetur:
1168 4534 1222 4569 nem
1238 4522 1279 4569 od-

243 4600 266 4647 l.
295 4598 407 4647 Hirrus.
786 4594 1002 4717 mreulpdvtpcrti
1013 4593 1131 4643 dicuutur.

920 4685 933 4714 D
944 4678 949 4690 .

1275 4602 1309 4721 's
