3609 5967
490 764 555 827 416
789 762 826 826 Ρ.
851 762 1012 828 OVIDII
1037 761 1247 829 NASONIS

818 1021 1142 1096 EPISTOLA
1170 1022 1216 1095 V.

902 1223 1131 1287 SALANO*.

491 1392 690 1466 Counrun
710 1392 922 1490 disparibus
940 1391 1104 1466 numeris
1123 1415 1195 1487 ego
1215 1389 1319 1465 Naso
1338 1392 1475 1469 Salano
1515 1391 1521 1398 “

542 1508 754 1606 Praeposita
772 1507 856 1581 misi
873 1508 987 1581 verba
1004 1507 1125 1580 salute
1144 1530 1241 1581 meo.

490 1623 584 1708 Quae
603 1634 683 1697 rata
700 1624 750 1696 sit
766 1623 890 1721 cupio,
906 1621 1094 1719 rebusque
1112 1633 1155 1695 ut
1172 1624 1393 1722 comprobet
1409 1648 1533 1712 omen,

541 1738 596 1815 Te
614 1764 746 1838 precor
763 1764 786 1813 a
803 1740 906 1814 salvo
924 1739 1057 1837 possit,
1077 1737 1209 1826 amice,
1228 1739 1316 1835 legi.

493 1855 656 1943 Candor,
675 1856 715 1929 in
731 1856 803 1930 hoc
821 1879 899 1929 aevo
917 1878 976 1927 res
994 1853 1238 1928 intermortua
1255 1861 1376 1954 paene,
1510 1861 1534 1930 5

543 1971 685 2069 Exigit,
705 1982 746 2045 nt
762 1972 898 2046 faciam
916 1970 1008 2044 talia
1023 1981 1121 2056 vota,
1142 1981 1242 2044 tuns.

495 2088 592 2162 Nam
610 2088 744 2163 luerim
762 2089 934 2186 quamvis
952 2087 1100 2160 modico
1117 2088 1187 2161 tibi
1205 2088 1377 2185 cognitus
1394 2113 1478 2173 usu,

543 2204 692 2278 Diceris
710 2205 854 2279 exsiliis
872 2205 1100 2301 ingemuisse
1117 2204 1234 2278 meis:

492 2320 689 2418 Missaque
699 2322 747 2395 ab
759 2333 928 2396 extremo
938 2321 1082 2417 legeres
1094 2344 1210 2418 quum
1222 2321 1388 2395 earmina
1398 2320 1532 2407 Ponto,

542 2436 614 2510 llla
630 2446 717 2509 tuus
731 2436 828 2534 juvit
845 2437 1136 2534 qualiacumque
1153 2434 1276 2524 favor3
1488 2442 1533 2509 10

494 2552 723 2651 Optastique
741 2553 892 2626 brevem
911 2553 1003 2627 salvi
1018 2552 1108 2625 mihi
1128 2551 1290 2624 Caesaris
1307 2551 1419 2641 iram3

542 2667 654 2754 Quod
672 2680 797 2744 tamen
815 2671 949 2767 optari,
969 2671 1000 2743 si
1018 2670 1124 2755 sciat,
1143 2668 1224 2765 ipse
1242 2669 1353 2741 sinat.

494 2783 664 2857 Moribus
683 2785 755 2858 ista
773 2786 846 2859 tuis
865 2796 942 2859 tam
960 2786 1066 2861 mitia
1082 2795 1169 2859 vota
1182 2785 1341 2860 dedisti:

546 2899 629 2974 Nee
648 2900 771 2974 minus
790 2901 929 2976 idcirco
945 2915 1033 2977 sunt
1051 2927 1098 2977 ea
1113 2913 1220 2999 grata
1232 2901 1335 2975 mibi.

495 3016 657 3113 Quoque
675 3016 795 3112 magis
813 3041 985 3093 moveare
1001 3020 1121 3106 malis,
1137 3018 1367 3105 doctissime,
1382 3017 1533 3106 nostris,

544 3132 736 3208 Credibile
754 3144 813 3207 est
829 3134 909 3207 fieri
927 3135 1141 3211 conditione
1160 3135 1244 3210 loci.
1490 3139 1534 3209 16

494 3246 569 3321 Vix
588 3249 659 3323 hae
677 3251 843 3324 invenias
861 3261 995 3340 totum,
1015 3251 1106 3327 mihi
1124 3253 1248 3338 crede,
1268 3275 1334 3351 per
1350 3252 1479 3326 orbem

544 3361 639 3447 Quae
657 3367 780 3439 minus
798 3366 972 3463 Augusta
989 3393 1084 3468 pace
1101 3369 1254 3455 fruatur,
1273 3369 1440 3441 humum.

493 3477 551 3552 'l'n
569 3490 697 3555 tamen
714 3482 775 3556 hic
793 3495 956 3559 stmctos
974 3486 1070 3561 inter
1087 3485 1166 3561 sera
1182 3485 1310 3584 praelia
1326 3508 1454 3558 versus

542 3593 593 3668 Et
608 3596 716 3694 legis,
735 3608 774 3672 et
791 3599 910 3675 lectos
927 3625 991 3676 ore
1007 3601 1156 3676 favente
1174 3600 1332 3699 probas;
1483 3604 1534 3671 20

524 3797 538 3826 ⁸
554 3795 723 3848 musaeum
737 3798 876 3850 namuri
891 3803 988 3852 &tonos
1071 3802 1109 3850 17.
1135 3801 1178 3850 Vis
1195 3802 1237 3849 loe
1257 3802 1360 3848 inmun
1380 3809 1460 3854 wau,
1478 3799 1535 3847 nili

490 3867 548 3932 quis
564 3878 672 3919 nanuum
689 3887 775 3922 nomen
790 3873 816 3922 in
829 3873 926 3924 civitate
938 3877 988 3926 Ro-
1035 3875 1121 3939 creda]
1141 3876 1420 3940 Augumpaoemmn
1434 3880 1535 3931 m·

490 3956 562 3992 mm
571 3943 693 4006 oognitnm
702 3956 748 4002 est,
757 3957 781 3996 et
789 3957 890 4013 quatuor
898 3959 989 4000 veteres
1036 3967 1089 4016 que
1101 3950 1132 3999 eb
1142 3949 1252 4013 Augusto
1263 3957 1334 4015 pam
1348 3947 1388 4005 sil.
1398 3946 1495 4012 ⁸0⁰in
1507 3957 1536 3996 ¹2

491 4017 570 4064 Solius
588 4017 679 4081 legunt,
697 4018 818 4079 Heinsius,
834 4037 906 4087 quern
923 4022 987 4081 vide,
1036 4024 1139 4081 Merula,
1156 4023 1199 4072 sed
1216 4032 1241 4072 et
1257 4037 1348 4073 sactum
1364 4020 1533 4071 samnitem-

490 4090 568 4139 Sr‘lono
577 4090 683 4157 conjicit,
696 4096 838 4144 suessona.
872 4095 987 4147 Hostus.
1035 4115 1094 4164 qne:
1112 4097 1210 4164 perinde
1227 4104 1255 4147 nt
1270 4105 1373 4162 sogum
1382 4095 1478 4160 templs.
1489 4110 1535 4146 sn·

524 4166 546 4215 1.
556 4164 654 4214 Condito
660 4167 747 4231 urba]
759 4169 839 4217 Verba
848 4170 988 4234 composita
1035 4181 1106 4238 gusta
1115 4173 1177 4228 loct.
1187 4172 1296 4229 mmmm,
1305 4171 1350 4221 hoe
1364 4178 1407 4226 ul,
1421 4184 1498 4227 lm»
1509 4179 1536 4220 οἱ

491 4241 745 4303 monetaneum.
762 4242 875 4292 Versibus
884 4243 966 4307 elegis.
1037 4245 1277 4311 venerationedigns.
1308 4246 1378 4294 Mu.

523 4315 547 4363 7.
565 4317 599 4364 Ab
615 4318 699 4366 modion
716 4316 781 4380 urs]
800 4315 823 4364 Λ
840 4331 913 4382 parvo
930 4333 987 4368 con·
1071 4322 1110 4370 19.
1120 4319 1238 4385 Equidem
1245 4335 1300 4369 cum
1307 4321 1533 4373 Romanunm-

490 4389 623 4439 suetudine.
1037 4403 1077 4452 ωε,
1088 4394 1112 4444 b.
1123 4410 1146 4443 e.
1156 4392 1307 4459 oomefiptos,
1315 4407 1391 4442 sanus
1404 4406 1452 4442 non
1466 4391 1534 4440 dm-

526 4465 563 4513 1³.
576 4463 753 4528 Tonantibus]
766 4464 824 4513 Tura
832 4464 987 4531 benignitati3
1037 4483 1129 4516 narem.
1157 4466 1252 4514 δίαιτα
1270 4465 1363 4532 proptio
1388 4473 1425 4514 est
1451 4464 1534 4515 ordine

490 4535 624 4602 hujusmodi
633 4538 697 4589 onim
707 4546 762 4589 vota
772 4547 871 4590 manant
879 4555 894 4589 ι
902 4540 986 4607 benig·
1036 4556 1185 4606 componere,
1194 4548 1219 4589 et
1227 4538 1334 4606 sdpritns
1343 4540 1470 4606 opponitur
1472 4539 1535 4604 seris

491 4609 528 4658 nis
538 4611 648 4661 moribus.
1035 4616 1128 4678 preliis.
1142 4615 1174 4665 ei.
1188 4613 1250 4664 inus
1265 4614 1300 4664 iv.
1318 4616 1356 4664 lo.
1371 4615 1395 4664 4.
1411 4623 1436 4663 et
1451 4614 1535 4663 Bm.
