3609 5967
518 752 584 818 368
809 750 849 815 Ρ.
873 748 1037 815 OVIDII
1061 748 1274 813 NASONIS

520 926 712 999 Adsuetos
730 923 827 1001 tauri
845 924 978 1009 saltus,
994 922 1155 995 adsueta
1171 924 1311 1011 leones,

571 1039 606 1113 N
610 1064 654 1114 ec
672 1038 799 1114 feritas
819 1039 901 1111 illos
921 1037 1090 1136 impedit,
1111 1050 1218 1112 antra
1233 1050 1381 1137 petunt.

519 1157 578 1231 Tu
595 1168 735 1244 tamen,
752 1156 876 1230 exsilii
893 1178 1040 1229 morsus
1058 1179 1080 1228 e
1098 1166 1252 1253 pectore
1269 1168 1395 1230 nostro

571 1272 765 1347 Fomentis
782 1296 912 1370 speras
930 1272 1066 1346 cedere
1084 1296 1197 1370 posse
1215 1271 1302 1346 tuis

522 1388 651 1475 Effice,
672 1388 828 1486 vosipsi
847 1412 895 1461 ne
913 1398 989 1461 tam
1004 1387 1095 1460 mihi
1115 1388 1197 1461 sitis
1215 1388 1379 1474 amandi,
1518 1395 1564 1462 45

570 1503 728 1578 Talibus
748 1514 789 1575 ut
805 1502 925 1576 levius
944 1503 994 1575 sit
1010 1503 1178 1576 caruisse
1197 1503 1350 1576 malum.

520 1619 584 1707 At,
604 1633 709 1720 putu,
729 1644 806 1717 qua
821 1619 967 1693 fueram
985 1620 1147 1716 genitus,
1163 1620 1295 1693 tellure
1313 1619 1468 1705 carenti,

572 1735 617 1808 ln
635 1746 762 1811 tamen
780 1734 945 1808 humano
962 1735 1121 1830 contigit
1135 1758 1220 1809 esse
1237 1735 1333 1809 loco.

521 1852 636 1926 Orbis
654 1852 692 1926 in
710 1853 870 1926 extremi
885 1854 996 1950 Jaceo
1014 1854 1188 1925 desertus
1206 1852 1342 1937 menie,

573 1968 662 2041 Fert
681 1968 744 2040 ubi
762 1979 967 2066 perpetuas
985 1968 1121 2041 obruta
1138 1978 1238 2041 terra
1255 1967 1380 2041 nives:
1520 1974 1566 2043 50

522 2084 558 2157 N
562 2108 610 2157 on
628 2108 718 2179 ager
735 2083 797 2156 hic
815 2108 982 2182 pomum,
1001 2108 1075 2157 non
1093 2083 1225 2157 dulces
1243 2085 1381 2157 educat
1398 2108 1513 2173 uvas;

572 2199 660 2273 Non
678 2199 814 2272 salices
832 2199 925 2298 ripa,
946 2199 1080 2311 robora
1096 2209 1224 2272 monte
1244 2200 1376 2273 virent.

526 2314 631 2389 Neve
649 2313 787 2388 fretum
804 2325 905 2389 terra
922 2314 1055 2387 laudes
1073 2314 1214 2410 magis3
1235 2338 1388 2413 aequora
1404 2339 1551 2414 semper

573 2429 781 2505 Ventorum
799 2430 916 2516 rabie,
937 2431 1080 2503 solibus
1097 2431 1201 2519 orba,
1222 2441 1381 2505 tument.

524 2546 776 2644 Quocumque
794 2546 995 2645 adspicias,
1013 2547 1137 2644 campi
1155 2548 1299 2623 cultore
1316 2559 1501 2634 carentes
1520 2553 1564 2622 55

572 2662 781 2760 Vastaque,
801 2688 887 2760 quae
907 2688 1017 2739 nemo
1034 2665 1212 2753 vindicet,
1231 2689 1318 2738 arva
1331 2667 1473 2762 jacent.

525 2778 657 2854 Hostis
675 2780 797 2865 adest,
812 2780 949 2853 dextra
966 2780 1134 2879 laevaque
1154 2792 1298 2880 aparte
1316 2782 1528 2869 timendus;

573 2895 785 2993 Vicinoque
803 2907 906 2971 metu
925 2907 1040 2971 terret
1057 2908 1259 2995 utrumque
1277 2897 1389 2970 latus.

523 3012 653 3087 Altera
671 3013 862 3087 Bistonias
880 3038 969 3112 pars
987 3025 1047 3089 est
1064 3036 1221 3117 sensura
1239 3012 1408 3099 sarissas,
1478 3014 1483 3021 “

574 3129 707 3203 Altera
724 3129 936 3204 Sarmatica
953 3130 1099 3229 spicula
1115 3130 1233 3203 missa
1249 3152 1375 3202 mauu.
1521 3132 1565 3199 60

524 3246 540 3319 Ι
561 3272 672 3335 nunc,
690 3258 729 3320 et
745 3257 914 3322 veterum
932 3248 1041 3322 nobis
1060 3247 1236 3345 exempla
1251 3247 1428 3331 virorum,
1492 3333 1494 3338 Ι

575 3362 649 3447 Qui
668 3362 755 3435 forti
770 3387 902 3437 casum
920 3374 1048 3437 mente
1066 3363 1197 3449 tulere,
1218 3360 1334 3434 refer:

525 3476 575 3551 Et
593 3502 704 3573 grave
721 3480 951 3574 magnanimi
969 3481 1084 3553 robur
1101 3479 1236 3553 mirare
1251 3476 1385 3563 Rutili,

576 3592 663 3667 Non
682 3593 740 3666 usi
758 3594 902 3669 reditus
921 3597 1134 3672 conditione
1153 3595 1244 3671 dati.

525 3848 635 3905 lectione,
646 3849 677 3897 de
693 3851 744 3899 sola
758 3850 893 3901 Philomela
910 3850 1024 3917 intelligi·
1075 3854 1157 3905 trionis
1176 3862 1201 3903 et
1222 3861 1346 3903 terrarum.
1384 3852 1416 3901 ln
1436 3856 1527 3901 uasis..
1540 3852 1568 3899 ln

524 3933 577 3972 tur:
595 3923 648 3972 baec
659 3922 722 3972 euim
733 3924 759 3973 in
774 3926 840 3975 silvis
853 3926 975 3976 nidificare
985 3944 1024 3977 so·
1075 3929 1161 3979 Getico
1172 3929 1250 3977 litore.

525 3998 567 4046 let.
594 3997 641 4046 Sed
653 3997 711 4062 quid
723 3997 743 4046 si
754 4000 827 4064 loges,
841 4000 919 4053 Quum
930 4002 984 4050 bene
995 4003 1025 4050 sit
1107 4005 1148 4052 59.
1158 4003 1266 4065 Surisca]
1277 4000 1337 4051 Cod.
1348 4002 1435 4051 Barar.
1446 4016 1500 4050 cum
1509 4001 1569 4065 gloa-

523 4074 606 4121 eluusoe
625 4089 694 4121 cuneo
712 4074 830 4122 Pandiona
851 4086 926 4123 rute:
950 4084 976 4125 ut
994 4076 1025 4125 sit
1074 4092 1115 4125 sa:
1134 4076 1208 4125 haste
1225 4076 1303 4140 longas
1322 4074 1347 4123 iu
1362 4075 1445 4139 lingua
1457 4073 1569 4123 Macedo-

524 4162 623 4195 sensus:
641 4147 801 4206 Quantumris
819 4149 882 4197 bene
899 4158 936 4198 est
952 4150 1024 4200 lusci-
1075 4152 1129 4200 nica
1140 4150 1174 4199 sic
1185 4150 1304 4199 dicuntur.
1331 4150 1436 4198 Thraces
1445 4158 1524 4198 autem
1534 4148 1570 4197 lu·

524 4220 571 4269 nise
582 4236 657 4269 cavea
664 4220 772 4276 inclusae,
778 4221 860 4271 nititur
868 4230 948 4272 tamen
960 4224 1024 4274 exire
1074 4234 1144 4275 eruut
1153 4224 1328 4274 Macedonibus
1338 4223 1466 4289 conjuncti.
1488 4224 1569 4271 Hans.

525 4296 550 4343 in
561 4295 633 4343 silvas
643 4310 713 4343 suas:
733 4294 795 4343 Bene
807 4312 858 4352 esse,
870 4312 913 4362 pro
923 4299 984 4347 bene
995 4315 1023 4348 ac
1107 4301 1147 4349 63.
1165 4292 1311 4365 Magnanimi
1332 4299 1435 4362 usust]
1462 4300 1491 4347 P.
1501 4298 1569 4347 Ruti·

524 4366 743 4423 commodantem,
754 4368 840 4433 potito·
1074 4374 1121 4423 lius
1130 4375 1215 4423 doctus
1231 4384 1255 4423 ct
1266 4373 1419 4439 philosophie
1430 4372 1529 4421 deditus
1537 4372 1571 4421 vir

558 4443 598 4489 44.
617 4440 723 4503 Cedere]
751 4442 869 4493 Amores.
910 4444 1024 4493 Feruentis
1074 4448 1127 4505 luit,
1144 4464 1241 4498 summas
1255 4446 1415 4498 innocentie:
1433 4447 1454 4496 is
1469 4456 1570 4513 quraator

523 4520 579 4565 tots.
594 4516 718 4566 Remediis
727 4516 775 4566 tuis
783 4525 807 4566 et
818 4517 1023 4569 consolationibus.
1074 4522 1156 4572 Asiam
1176 4522 1267 4588 injuriis
1287 4522 1468 4587 publicanorum
1487 4521 1570 4569 libera-

558 4591 599 4639 49.
608 4591 708 4640 Estrema'
715 4592 795 4655 orbis}
805 4594 910 4643 Extremi
921 4602 1022 4658 septem·
1074 4597 1121 4643 vit:
1139 4596 1182 4645 sed
1196 4595 1287 4644 invidia
1296 4594 1414 4659 equestris
1423 4594 1520 4651 ordinis,
1531 4593 1570 4660 qui
