3609 5967
530 743 671 811 ARTIS
695 740 965 810 AMATORIAE
987 742 1079 807 LIB.
1103 742 1153 807 11.
1354 742 1377 804 7

338 916 399 991 Sis
416 917 504 991 licet
521 918 675 1015 antiquo
694 915 831 991 Nireus
849 917 1045 991 adamatus
1064 914 1251 1003 Homero;

385 1032 649 1133 Naiadumque
668 1043 772 1107 tener
790 1032 945 1107 crimine
962 1041 1092 1131 raptus
1111 1030 1255 1130 Hylas3
1305 1032 1375 1105 110

338 1147 391 1222 Ut
407 1148 597 1223 dominam
615 1160 759 1235 teneas,
777 1172 847 1223 nec
865 1160 905 1223 te
921 1148 1055 1222 mirere
1072 1146 1255 1233 relictum,

385 1264 533 1363 Ingenii
551 1268 658 1341 dotes
676 1266 841 1365 corporis
860 1267 958 1341 edde
974 1262 1096 1339 bonis.

334 1380 468 1457 Forma
482 1384 622 1457 bonum
638 1383 769 1481 fragile
787 1394 865 1473 est3
895 1393 1154 1480 quantumque
1166 1377 1314 1453 accedit
1326 1374 1374 1451 ed

385 1498 446 1573 Fit
462 1499 604 1587 minor;
633 1510 672 1573 et
689 1500 811 1599 spatio
829 1500 994 1599 carpitur
1009 1499 1094 1596 ipse
1110 1518 1190 1569 suo.
1239 1494 1373 1590 [annos

335 1611 417 1687 Nec
434 1614 540 1689 violae
559 1639 719 1715 semper,
738 1639 809 1690 nec
826 1617 968 1691 hiantia
983 1615 1062 1688 lilia
1077 1614 1222 1696 florent,
1304 1612 1372 1682 115

384 1728 435 1802 Et
451 1730 548 1827 riget
564 1732 702 1806 amissa
718 1733 828 1830 spina
843 1733 975 1807 relicte
989 1732 1089 1805 rosi.

335 1844 386 1919 Et
402 1845 470 1919 tibi
483 1848 563 1943 jam
581 1848 665 1921 cani
681 1846 844 1935 venient,
863 1847 1038 1934 formose,
1057 1846 1203 1945 capilli:

382 1960 406 2033 J
409 1984 469 2033 am
482 1958 637 2037 'venient
653 1986 768 2059 rugae,
788 1987 872 2060 quae
890 1963 958 2037 tibi
975 1986 1113 2061 corpus
1130 1970 1247 2035 arent.

332 2075 355 2147 J
358 2101 418 2151 ern
436 2079 564 2153 molire
583 2080 761 2165 animum,
779 2080 844 2177 qui
861 2080 983 2164 duret,
998 2088 1038 2154 et
1054 2078 1204 2151 adstrue
1221 2074 1369 2149 sormoe:

384 2194 494 2268 Solus
513 2195 561 2268 ad
580 2206 769 2269 extremos
786 2205 982 2292 permanet
998 2194 1061 2268 ille
1077 2218 1201 2290 rogos.
1303 2194 1373 2262 120

335 2308 370 2381 N
373 2334 415 2384 ec
433 2312 526 2385 levis
544 2313 725 2409 ingenuas
744 2322 878 2410 pectus
896 2311 1058 2387 coluisse
1075 2334 1143 2410 per
1160 2318 1259 2383 artes

383 2428 485 2501 Cura
501 2429 550 2502 sit
566 2456 574 2517 ;
604 2440 643 2503 et
656 2429 802 2527 linguas
821 2428 1023 2503 edidicisse
1039 2429 1147 2502 duas.

335 2542 422 2616 Non
439 2543 623 2619 formosus
641 2556 734 2631 erat,
753 2546 821 2620 sed
839 2557 920 2621 erat
936 2544 1121 2619 facundus
1140 2541 1299 2613 Ulixes:

384 2659 435 2733 Et
450 2670 577 2770 temen
594 2684 788 2759 equoreas
807 2662 915 2735 torsit
932 2684 1058 2735 amore
1077 2660 1193 2733 Dens.

370 2932 425 2981 109.
443 2932 482 2979 Sic
498 2934 551 2981 licet
567 2935 662 2996 antiquo
676 2932 762 2982 Nireus
775 2935 831 2981 odo·
881 2932 991 2981 lectione.
1010 2946 1082 2997 qoem
1099 2930 1222 2979 confirmet
1232 2938 1258 2979 et
1269 2928 1375 2979 Mertiel.

335 3015 408 3053 roam
415 3005 534 3069 Homeru]
554 3004 647 3055 Scilicet
655 3005 759 3071 quinque
768 3004 830 3054 libri.
880 3006 915 3055 ri.
926 3004 1004 3071 Epist.
1015 3006 1053 3055 19.

333 3081 430 3135 uoueri
445 3080 505 3137 licet,
517 3078 585 3135 nlius,
597 3082 629 3127 cic
645 3080 705 3127 licor.
738 3078 828 3134 Scribe,
913 3079 962 3128 Nec
974 3078 1066 3127 Bclctuc
1076 3079 1148 3135 hiare,
1159 3096 1204 3126 nou
1214 3080 1315 3127 muruco

332 3154 362 3200 cir
372 3153 433 3209 licet,
444 3160 516 3217 etque
526 3151 562 3201 iu
570 3152 659 3201 Mureti
671 3152 756 3201 codex.
788 3152 828 3201 Li·
913 3154 1006 3211 llidm,
1017 3152 1130 3201 cornicle
1139 3160 1325 3215 pctmpormut.

331 3233 378 3283 cet,
392 3224 476 3291 inquit,
494 3224 594 3275 Nireum
609 3228 640 3276 ab
657 3226 760 3275 Homero
775 3233 827 3275 tnn-
1250 3226 1339 3273 Burin.

332 3308 410 3365 tepere
421 3298 544 3348 laudatum
554 3316 636 3365 eques
642 3299 827 3366 pulchritudine,
913 3302 966 3350 119.
982 3300 1037 3349 Jcer
1043 3302 1238 3354 nolirconiorom,
1249 3302 1288 3362 qui
1296 3302 1373 3356 duret,

332 3380 373 3422 eut
382 3372 472 3437 Hylen.
483 3373 587 3439 respexit
597 3373 652 3422 illa:
874 3374 1114 3440 Μνασίππου]
1133 3374 1370 3438 Rectecdetruefor-

368 3448 465 3511 Νιρεὺς,
485 3448 514 3506 ὃς
536 3444 669 3507 κάλλιστος
688 3446 753 3513 ἀνὴρ
774 3447 825 3497 ὑπὸ
874 3468 914 3499 me
924 3442 1027 3515 optimus¹
1037 3448 1129 3513 Regius
1138 3464 1193 3497 cnm
1203 3448 1316 3512 Sceligeri
1327 3464 1371 3497 ex·

393 3519 476 3571 'lbrnv
486 3522 549 3581 ἦλθε
873 3523 961 3590 coeptis
977 3532 1003 3573 et
1019 3532 1111 3589 septem
1129 3522 1189 3572 eliis.
1207 3521 1253 3571 boc
1269 3530 1314 3581 est,
1332 3540 1371 3574 eu·

361 3600 418 3647 'l'elv
426 3596 514 3647 ἄλλων
524 3600 641 3647 Δαναῶν.
873 3600 982 3661 percdde,
994 3596 1029 3647 sie
1043 3614 1126 3646 novun
1141 3598 1212 3645 uteri
1225 3597 1320 3660 edificio
1329 3601 1373 3647 od-

330 3670 411 3727 Quore
430 3669 552 3720 Thersiten
570 3670 688 3719 Lucienus
707 3669 770 3736 apud
788 3669 825 3717 in·
874 3667 963 3721 unere
973 3672 1034 3720 dixit
1048 3670 1191 3721 Columella.
1208 3686 1286 3735 neque
1302 3672 1371 3721 nliter

331 3742 391 3791 ieros
402 3758 458 3791 curo
468 3742 541 3792 Nireo
553 3744 727 3808 colloquentem
738 3742 772 3793 ric
788 3742 824 3793 in·
875 3745 958 3812 optimi
967 3744 1102 3794 latiniutis
1112 3752 1226 3794 coctores.
1258 3745 1349 3795 Hsrns.

330 3816 406 3873 (lucit,
415 3819 444 3867 ἓν
451 3818 497 3883 μὲν
505 3816 552 3878 ἤδη
560 3816 624 3867 τοῦτ’
632 3817 734 3881 exuto
743 3816 825 3883 ὅμοιος
910 3821 966 3869 120.
977 3819 1123 3882 Permanet]
1133 3818 1238 3867 Pertinet
1242 3835 1305 3887 unus
1311 3820 1370 3869 Ber·

330 3889 378 3955 εἶμί
390 3907 438 3947 σοι,
450 3894 491 3941 eol
506 3890 577 3942 cotto
591 3893 735 3952 τηλικοῦτον
746 3891 824 3958 διαφί-
875 3893 963 3950 nensis,
974 3892 1006 3941 de
1019 3908 1068 3957 quo
1082 3891 1242 3956 mgiundm,
1256 3908 1312 3942 nem
1327 3910 1371 3959 pro

331 3982 388 4030 ρεις,
400 3964 489 4025 ἡλίκον
499 3982 524 4015 σε
534 3964 642 4031 Όμηρος
654 3965 744 4026 ἐκεῖνος
757 3967 771 4017 ὁ
783 3983 824 4017 ru·
872 3970 1011 4031 pertingere,
1020 3982 1068 4031 quo
1083 3965 1154 4015 bodie
1164 3979 1287 4031 perperus
1299 3976 1371 4017 ntun-

330 4040 393 4104 φλός
402 4038 662 4101 ἐπήνεσεν,ἆπάντων
672 4040 824 4107 ricopolim-
875 4048 924 4099 tur,
935 4048 1028 4090 veteres
1040 4053 1095 4090 usos
1107 4040 1152 4089 boc
1166 4042 1237 4089 verbo
1248 4040 1370 4090 docuimus

331 4112 823 4181 τονπροσειπύν.11ηοῖ1φέωςεὺμορφ6-
875 4114 908 4162 ed
928 4114 1047 4172 Quinctil.
1071 4113 1099 4162 ii.
1121 4114 1151 4163 de
1172 4111 1231 4163 inst.
1252 4116 1321 4163 Oret.
1343 4114 1369 4161 4.

330 4204 399 4254 τερος
414 4186 525 4251 edagium
541 4186 605 4252 apud
619 4188 723 4245 Gmoos,
739 4200 765 4238 et
782 4194 826 4239 Nc·
876 4188 966 4236 Boou.

329 4260 390 4327 ρέως
399 4260 519 4311 καλλίων.
554 4261 644 4310 Hrrue.
911 4263 966 4311 124.
987 4262 1110 4324 AEcuorccr
1126 4264 1191 4310 torrit
1206 4277 1280 4309 cmcre
1297 4260 1370 4321 decu]

365 4338 417 4385 115.
436 4336 485 4385 Nec
502 4352 587 4401 semper
599 4338 671 4393 viole,
688 4352 729 4385 nec
742 4352 826 4399 umnec
875 4337 965 4394 Scribe,
976 4352 1099 4399 acuerem
1113 4335 1193 4384 Dalm.
1205 4335 1249 4384 nisi
1259 4341 1285 4382 et
1299 4332 1369 4382 Circe

332 4411 381 4459 lilio
390 4410 501 4475 floreno]
538 4410 619 4459 Cincio
637 4410 688 4457 lilio
708 4410 824 4459 Berneos.
875 4410 967 4459 deabus
982 4406 1369 4475 equoreieeccenseoda.lis1u-

330 4499 398 4540 nnus,
417 4501 457 4534 nec
478 4500 562 4547 umpcr
583 4486 633 4533 lilio
647 4485 736 4549 florent
757 4485 824 4541 alter,
876 4500 939 4533 eros.
952 4481 1230 4531 nontamorchticsn.

330 4558 417 4605 huntio
427 4557 530 4608 bnbebnt
540 4566 564 4607 et
580 4558 689 4607 Francos.
704 4573 746 4623 pro
761 4557 826 4607 vorin

924 4638 971 4685 Bt
