3609 5967
442 748 511 812 Ex
535 746 696 812 ΡΟΝΤΟ
720 745 811 809 LIB.
837 744 886 809 11.
912 745 1058 811 EPIST.
1082 746 1130 813 II.
1239 747 1305 814 tol

571 1032 898 1107 urusronn
937 992 1048 1105 11.·'

629 1234 944 1299 MESSALLINO.

263 1384 360 1458 lnnr.
379 1388 513 1461 domus
530 1399 664 1462 vestroe
679 1389 808 1486 primis
823 1401 1019 1463 venerator
1036 1391 1084 1463 ab
1102 1390 1220 1479 annis,

312 1503 451 1578 Pulsus
468 1505 517 1578 ad
535 1503 675 1578 Euxini
694 1504 798 1578 Naso
816 1506 967 1581 sinistra
982 1506 1078 1595 freti,

262 1616 385 1693 Mittit
400 1622 449 1694 ab
466 1621 656 1694 indomitis
672 1622 781 1708 hanc,
802 1622 1033 1709 Messalline,
1054 1624 1225 1709 salutent,

314 1734 437 1820 Quam
452 1738 584 1810 solitus
600 1740 766 1836 praeseris
783 1749 842 1812 est
860 1740 929 1811 tibi
944 1739 1050 1826 ferre,
1068 1739 1190 1813 Getis,

262 1850 348 1925 Heu
366 1852 469 1937 mihi,
489 1852 521 1925 si
538 1854 635 1927 lecto
649 1854 775 1927 vultus
793 1854 861 1928 tibi
879 1855 1030 1929 nomine
1048 1878 1122 1928 non
1140 1864 1210 1941 est,
1277 1858 1301 1927 5

312 1966 386 2051 Qui
403 1968 484 2055 fuit,
503 1968 551 2043 et‘
560 1970 712 2043 dubitas
729 1980 868 2045 caetera
883 1971 1099 2070 perlegere!

261 2081 432 2181 Perlege,
451 2109 521 2159 nec
538 2109 687 2161 mecum
704 2088 845 2186 pariter
862 2112 947 2162 mea
964 2089 1077 2162 verba
1094 2087 1242 2181 relege:

313 2199 417 2274 Urbe
433 2201 522 2275 licet
537 2212 663 2276 vestro
677 2205 846 2278 versibus
861 2228 947 2279 esse
964 2205 1071 2278 meis.

264 2314 350 2388 Non
368 2340 438 2413 ego
453 2317 624 2414 concepi,
641 2319 673 2389 si
691 2317 825 2392 Pelion
843 2320 944 2393 Ossa
957 2320 1118 2403 tulisset,

313 2432 426 2505 Clara
442 2457 528 2507 mea
544 2434 647 2529 tangi
666 2434 789 2508 sidera
805 2460 918 2533 posse
936 2458 1062 2507 manu.
1258 2437 1302 2505 10

263 2548 445 2633 Necnon,
465 2547 646 2622 Enceladi
664 2550 855 2625 dementia
871 2560 994 2623 castra
1012 2548 1145 2634 secuti,

312 2662 358 2736 In
376 2688 499 2737 rerum
512 2664 683 2738 dominos
700 2666 883 2739 movimus
901 2690 1005 2739 arma
1024 2664 1139 2739 Deos,

263 2778 357 2866 Nec,
374 2780 476 2877 quod
494 2780 651 2877 Tydidae
670 2782 868 2855 temerarie
882 2782 1041 2854 dextero
1058 2779 1159 2865 fecit,

312 2895 479 2970 Numina
495 2907 584 2970 sunt
599 2896 684 2970 telis
702 2898 779 2971 ulla
791 2897 912 2995 petita
929 2896 1035 2971 meis,

294 3182 319 3229 2.
331 3180 417 3227 Pulsus
430 3183 461 3228 nd
475 3182 569 3228 sinistra
581 3180 689 3244 Emisit]
709 3180 757 3229 Re·
783 3198 792 3210 ‘
807 3181 895 3238 civilis,
906 3189 930 3229 et
947 3196 990 3246 per
1004 3180 1105 3245 primum
1122 3176 1183 3226 illud
1197 3175 1304 3225 indicere

261 3253 355 3318 legatus
365 3253 390 3301 in
399 3253 498 3301 Pontica
508 3252 610 3317 regione,
618 3270 671 3318 quse
681 3244 758 3319 ingre-
807 3255 897 3303 bellum
913 3263 994 3303 contre
1005 3253 1106 3301 Brutum
1123 3260 1146 3299 et
1157 3250 1267 3300 Cassium
1279 3248 1304 3297 in

261 3326 381 3377 dientibns
391 3326 416 3374 in
426 3336 492 3391 perte
503 3327 598 3375 sinistra
608 3328 716 3392 adparet.
808 3328 966 3389 Macedonie5
981 3343 1023 3393 per
1038 3326 1193 3381 Enceladum,
1205 3326 1304 3373 Sextum

293 3405 319 3451 8.
335 3400 421 3464 Licet]
438 3400 502 3459 Quia
518 3400 622 3466 sipoets
635 3410 672 3450 est
683 3402 758 3458 exsul,
808 3402 957 3467 Pompeium,
968 3416 1071 3465 quocum
1088 3399 1113 3447 in
1125 3398 1206 3447 Sicilia
1220 3404 1245 3445 et
1254 3396 1304 3445 Cu-

261 3477 314 3542 ejus
329 3476 434 3524 carmine
449 3491 497 3523 non
513 3483 569 3524 sunt
584 3475 689 3539 relegata
703 3490 758 3523 cum
807 3493 880 3525 mane
886 3492 927 3525 ora
933 3476 1072 3525 dimicatum
1080 3474 1179 3532 est3sub
1187 3469 1304 3519 Diomede

262 3551 313 3609 illo,
324 3558 349 3600 et
361 3549 451 3615 ingenii
468 3550 540 3599 toetus
555 3566 629 3615 poena
640 3550 759 3616 scriptoris
808 3558 888 3600 nutem
907 3548 983 3613 Tydei
1003 3547 1059 3604 filio,
1082 3545 1180 3612 (audaci
1201 3552 1226 3594 et
1251 3543 1305 3592 lorti

262 3626 345 3690 nequit
354 3625 478 3689 attingere.
807 3624 878 3673 beroe
887 3624 913 3672 in
923 3624 987 3672 bello
996 3623 1105 3688 Trojano,
1117 3622 1157 3686 qui
1166 3622 1268 3669 Martem
1279 3626 1304 3679 et

294 3701 320 3747 9.
332 3699 386 3746 Non
396 3715 436 3763 ego
445 3698 555 3763 eosespi]
575 3699 619 3745 me
627 3697 699 3745 ordo:
710 3714 757 3746 non
807 3698 925 3748 Venerem
939 3714 981 3763 pro
991 3696 1098 3762 Trojnnis
1107 3702 1242 3762 pugnantes
1251 3692 1304 3741 vul·

262 3788 308 3837 ego
319 3770 416 3836 concepi
431 3772 498 3820 eluro
514 3771 590 3819 sidere
607 3787 676 3835 posse
690 3770 757 3834 ungi
807 3772 909 3833 nerevit)
927 3771 1024 3820 innuere
1036 3772 1075 3818 M.
1093 3768 1231 3823 Antonium,
1246 3765 1305 3815 belli

261 3861 316 3895 mee
334 3861 414 3902 menn,
430 3844 450 3893 si
467 3845 529 3893 Osse
550 3843 642 3893 tulisset
657 3844 757 3905 Pelion;
806 3846 908 3912 peritum
923 3846 1016 3901 ducem,
1028 3852 1052 3893 et
1069 3859 1172 3909 quocum
1181 3841 1304 3906 depugna·

263 3920 307 3970 boc
319 3920 388 3977 est‚si
398 3920 533 3968 Ossamons
543 3917 664 3968 habuisset
672 3918 757 3968 Pelion
806 3929 857 3970 tum
871 3927 908 3969 est
923 3918 987 3969 circe
1002 3918 1084 3968 eedem
1096 3917 1162 3984 Epiri
1173 3926 1198 3965 et
1205 3913 1303 3965 AEtoliae

262 4004 366 4045 montem
375 3993 587 4059 superimpositum.
806 3994 939 4052 littore.ubi
950 3994 1069 4059 qnondam
1079 3990 1208 4043 Diomedes
1218 4004 1302 4053 regne·

296 4070 334 4119 lo.
353 4070 419 4118 Posse
446 4068 533 4134 tango]
567 4068 639 4115 Posse
666 4065 756 4124 violari,
806 4077 880 4118 verat.
906 4066 971 4116 Vell.
987 4066 1013 4115 ii.
1029 4068 1059 4115 73
1079 4074 1103 4115 et
1122 4067 1161 4115 ot.
1194 4063 1304 4112 Indicsre

261 4142 461 4208 quemadmodum
470 4143 566 4191 voluere
577 4140 702 4205 Gigantes.
806 4139 877 4205 igitur
887 4142 980 4193 videtur
991 4150 1069 4207 poeta,
1081 4156 1106 4193 se
1122 4154 1198 4205 neque
1211 4136 1303 4201 Philip-

296 4220 336 4267 ll.
352 4217 401 4266 Noe
416 4234 455 4265 nos
473 4215 605 4277 Enceladi]
623 4214 758 4265 Enceladus
806 4216 874 4281 pensi
890 4216 962 4273 bello,
984 4231 1062 4280 nequo
1082 4212 1208 4269 Siciliensi.
1226 4225 1302 4274 neque

261 4292 339 4340 rem
348 4291 412 4341 lilius
420 4292 478 4342 tuit:
490 4307 563 4357 quem
570 4288 668 4339 fulmine
673 4290 757 4347 ictum,
807 4289 915 4347 Actiaco.
924 4305 990 4339 arms
1000 4288 1112 4338 adversus
1120 4286 1255 4350 Augustum
1265 4292 1303 4333 tu·

263 4366 389 4429 AEtnteque
409 4365 555 4431 subpositum
574 4362 656 4413 scribit
672 4362 757 4427 Virgil.
807 4362 870 4411 lisse.
896 4362 984 4413 Confer
999 4359 1116 4410 Tristiii.
1131 4360 1206 4409 Mb.
1240 4354 1303 4404 Mihi

261 4438 288 4487 in
298 4436 381 4487 libiii.
391 4437 551 4488 AEneieoro
807 4436 904 4502 qnidem
927 4436 965 4485 vel
984 4436 1139 4500 Verpoorten,
1160 4431 1198 4481 vel
1224 4430 1303 4496 potius

298 4512 336 4559 12.
347 4510 455 4574 mse]
465 4511 634 4577 Verpoortenio
644 4509 756 4560 adludere
806 4512 873 4559 Naso
893 4510 989 4575 ingenio
1015 4510 1198 4574 intemperanter
1215 4507 1302 4561 abusus

264 4584 358 4635 videtur
375 4593 446 4649 poots
460 4583 491 4633 sd
508 4584 554 4633 tria
568 4584 673 4649 Augusti
691 4584 757 4633 belle
806 4583 906 4634 videtur.
932 4582 1044 4632 Hsnnns.

296 4658 371 4709 VOL.
382 4657 417 4707 II.
729 4678 735 4694 ·
902 4656 927 4704 D
939 4672 955 4704 n
