3609 5967
491 770 556 834 414
780 768 818 832 Ρ.
845 764 1009 831 OVIDH
1033 766 1244 833 NASONIS

793 1024 1121 1101 EPISTOLA
1160 1025 1234 1100 lv,

921 1210 1106 1276 A'l'l'ICO.

491 1408 650 1482 Accren
667 1405 898 1503 colloquium
916 1405 1041 1501 gelido
1060 1403 1223 1479 Nasonis
1241 1406 1289 1480 ab
1309 1405 1416 1492 Istro,

539 1523 678 1607 Attice,
693 1521 837 1619 judicio
854 1544 929 1594 non
946 1519 1156 1595 dubitande
1172 1546 1270 1595 meo.

493 1638 641 1737 Ecquid
658 1638 781 1714 adhuc
799 1662 969 1712 remanes
988 1663 1129 1714 memor
1146 1638 1303 1713 infelicis
1321 1637 1456 1714 amici?

542 1755 693 1830 Deserit
708 1779 755 1828 an
773 1765 899 1853 partes
918 1754 1096 1852 languida
1109 1777 1203 1828 cure
1219 1755 1331 1828 sues?

492 1871 579 1947 Non
596 1873 649 1945 ite
667 1871 717 1944 Dl
734 1871 862 1945 tristes
878 1872 969 1945 mihi
988 1883 1088 1958 sunt,
1105 1881 1147 1946 ut
1164 1872 1317 1972 credere
1334 1871 1489 1970 possim,
1508 1876 1533 1945 5

541 1987 689 2084 Fasque
706 1995 837 2084 putem
850 1988 932 2083 jem
949 1997 988 2062 te
1005 2011 1079 2062 uon
1096 1987 1311 2062 meminisse
1328 1987 1413 2061 mei.

490 2102 592 2177 Ante
608 2127 712 2176 meos
730 2103 858 2177 oculos
875 2113 944 2177 tua
959 2114 1046 2190 stat,
1065 2113 1132 2179 tua
1148 2128 1296 2203 semper
1314 2105 1436 2201 imago
1453 2113 1529 2190 est;

541 2219 592 2293 Et
604 2219 731 2293 videor
748 2220 874 2294 vultus
890 2231 1017 2294 mente
1034 2220 1161 2297 videre
1177 2232 1275 2295 tuos.

492 2334 600 2409 Seria
615 2335 735 2409 multa
751 2335 842 2408 mibi
858 2347 986 2411 tecum
1002 2337 1137 2411 collata
1154 2336 1346 2426 recordor;

542 2450 578 2524 N
581 2475 624 2526 ec
642 2451 732 2525 data
743 2451 923 2547 jucundis
939 2462 1110 2551 tempora
1124 2477 1248 2550 pauca
1259 2453 1368 2551 jocis.
1486 2456 1531 2523 10

492 2568 604 2666 Saepe
621 2567 705 2641 citae
722 2567 845 2663 longis
861 2568 950 2642 visae
968 2568 1203 2644 sermonibus
1220 2570 1341 2657 horae;

542 2684 653 2784 Saepe
669 2683 740 2757 fuit
756 2684 913 2773 brevior,
934 2709 1049 2782 quam
1066 2709 1150 2760 men
1166 2687 1291 2772 verba,
1309 2684 1403 2760 dies.

493 2801 603 2900 Saepe
617 2811 701 2875 tuns
718 2799 859 2875 factum
876 2802 979 2876 venit
996 2803 1107 2876 modo
1125 2826 1275 2876 carmen
1293 2801 1341 2875 ad
1359 2824 1479 2887 nureS,

541 2915 592 2990 Et
608 2940 704 2991 nove
715 2917 859 3013 judicio
878 2919 1030 2994 subdita
1048 2918 1162 2993 Musa
1177 2929 1243 2992 tuo
1261 2929 1331 2992 est.

490 3032 603 3119 Quod
620 3044 660 3108 tu
678 3033 863 3121 laudares,
876 3037 1016 3133 populo
1033 3035 1220 3134 placuisse
1233 3034 1432 3132 putabam:
1487 3036 1531 3104 15

540 3147 624 3224 Hoc
642 3149 804 3249 pretium
821 3174 921 3224 curae
939 3149 1051 3224 dulce
1068 3150 1228 3224 recentis
1246 3161 1337 3225 eret.

492 3265 623 3365 thue
641 3289 746 3341 meus
764 3266 853 3341 lima
869 3291 976 3342 rasus
994 3269 1088 3342 liber
1104 3278 1208 3341 esset
1224 3266 1346 3352 amici,

540 3382 628 3455 Non
645 3384 763 3457 semel
778 3384 971 3458 admonitu
988 3385 1089 3459 sacta
1105 3385 1217 3459 litura
1234 3395 1300 3458 tuo
1318 3394 1389 3457 est.

491 3496 571 3572 Nos
588 3497 668 3572 fore
682 3499 856 3574 viderunt
874 3502 1024 3600 pariter,
1043 3526 1112 3575 nos
1129 3501 1297 3600 porticus
1315 3498 1448 3583 omnis,

541 3614 622 3689 Nos
638 3615 711 3702 ria,
731 3639 799 3689 uos
812 3616 958 3714 junctis
975 3642 1089 3693 curva
1104 3618 1252 3692 theatra
1265 3615 1373 3690 locis.
1479 3618 1531 3686 20

520 3801 546 3847 4.
564 3802 603 3848 An
617 3815 675 3848 οντα
695 3800 828 3865 langrddc]
853 3801 893 3850 Au
911 3802 986 3852 Amor
1069 3803 1108 3851 17.
1124 3802 1192 3851 urm
1201 3801 1290 3865 uniet]
1305 3801 1358 3849 Tm
1373 3797 1532 3849 ettmieibo-

487 3873 625 3923 debilitatus
650 3872 721 3937 longo
746 3879 867 3939 temperet
894 3877 985 3926 Deserit
1035 3874 1415 3941 miniscsstigstioneecjudicin.

487 3956 630 4008 usurpante.
662 3946 737 3996 Suum
746 3948 857 3997 officium.
889 3949 962 3999 Mun.
1070 3951 1107 3999 ltl.
1128 3951 1215 3999 Βίωνα
1235 3968 1281 3998 rm
1300 3951 1366 3998 ml
1385 3959 1418 3997 err
1435 3946 1529 4012 fam-J

522 4020 561 4069 16.
579 4019 637 4068 Erat
646 4020 728 4084 curm]
746 4022 811 4070 Nem
822 4020 985 4072 incolaboru·
1035 4026 1090 4074 Non
1105 4026 1187 4082 semel,
1197 4025 1240 4074 sed
1258 4022 1344 4089 apim
1358 4023 1459 4088 expunxi
1472 4036 1529 4086 qn·

486 4098 539 4151 bos,
557 4101 584 4142 ut
605 4100 712 4159 putarem
729 4110 784 4143 men
803 4093 909 4144 carmine
927 4110 942 4144 a
960 4105 984 4146 te
1034 4108 1061 4149 tu
1072 4100 1253 4164 nonprobsbas.

488 4168 614 4220 emendate
623 4167 710 4233 populo
719 4168 823 4233 plaeere,
834 4175 859 4216 et
870 4177 937 4217 tunm
942 4169 983 4235 ju·
1069 4174 1107 4221 19.
1125 4171 1233 4239 Norsore
1242 4168 1459 4234 udonem]
1478 4168 1531 4217 Nm

488 4244 577 4294 dicium
592 4241 652 4292 nuti
668 4241 754 4298 lacere,
770 4245 853 4306 quenti
869 4242 985 4307 judicium
1036 4245 1232 4311 eodemtempore
1242 4246 1267 4294 in
1277 4241 1532 4298 lomndeeeeddiuru,

486 4315 653 4385 totiuspopuli.
667 4317 736 4365 Mun.
756 4315 985 4378 ueneramus.
1036 4320 1180 4385 auspicaturi
1189 4320 1394 4370 causostem
1417 4318 1532 4367 Solebam

488 4395 609 4443 Retenta
619 4392 711 4442 lsbores
720 4406 784 4440 meos
795 4390 820 4439 in
830 4391 984 4450 terminibus,
1035 4394 1097 4443 enim
1107 4394 1278 4444 mummuli
1289 4392 1391 4443 Romani
1401 4401 1480 4458 togam
1491 4408 1532 4441 u·

487 4467 534 4516 boc
544 4466 609 4516 dulci
623 4465 706 4532 pretio,
721 4463 888 4531 adprobatione
900 4464 984 4515 videli-
1035 4475 1139 4522 metuet
1148 4469 1245 4517 borbum
1257 4483 1353 4533 ponere,
1361 4466 1531 4533 eloquentiu-

486 4548 526 4588 eet
550 4550 601 4598 tue,
627 4541 808 4606 compensabunt
834 4547 860 4590 et
883 4541 984 4590 solabar.
1034 4556 1081 4605 que
1102 4540 1127 4589 in
1147 4541 1196 4590 loro
1223 4542 1348 4607 empturi.
1382 4541 1532 4590 uisebantur

488 4612 566 4662 Pom.
1035 4614 1079 4680 ipsi
1097 4619 1188 4674 tem,
1198 4626 1224 4666 et
1243 4617 1285 4665 illa
1306 4616 1370 4666 serio
1389 4620 1530 4666 riroer'niusr.
