3609 5967
433 780 666 853 ratstwrt
689 783 780 849 LIB.
804 784 847 849 V.
872 784 1008 850 ELEG.
1035 785 1124 851 ΧΠ.
1241 785 1325 849 3Βῦ

585 1026 848 1104 ELEGIA
885 1030 979 1104 XII.

261 1201 444 1290 Scarnrs,
463 1213 506 1277 ut
523 1204 711 1278 oblectem
729 1201 855 1275 studio
873 1202 1118 1300 lacrymabile
1135 1214 1297 1301 tempus,

310 1316 371 1393 Ne
388 1327 546 1418 pereant
561 1319 663 1419 turpi
680 1329 836 1418 pectora
852 1329 982 1393 nostra
998 1319 1085 1393 situ.

260 1430 422 1510 Difficile
445 1446 517 1523 est,
543 1434 659 1533 quod,
681 1434 814 1521 amice,
835 1458 988 1525 mones;
1024 1433 1114 1532 quia
1139 1432 1305 1507 carmina

406 1551 536 1626 loetum

311 1664 411 1739 Sunt
426 1690 535 1765 opus.
554 1678 593 1743 et
609 1690 744 1766 pacem
759 1668 898 1742 mentis
916 1668 1054 1743 habere
1071 1668 1213 1741 volunt.

259 1777 402 1856 Nostra
418 1806 487 1882 per
504 1783 681 1858 adversas
699 1785 822 1881 agitur
837 1783 987 1858 fortuna
1002 1783 1200 1883 procellas,
1274 1788 1302 1856 5

309 1895 420 1972 Sorte
438 1920 508 1973 neo
527 1899 603 1973 ulla
620 1923 705 1973 mea
721 1899 861 1973 tristior
878 1924 964 1975 esse
981 1910 1121 1999 potest.

258 2009 404 2109 Exigis,
423 2024 466 2087 ut
482 2011 656 2090 Priamus
673 2024 846 2089 natorum
864 2014 904 2088 in
920 2015 1051 2091 funere
1068 2015 1186 2101 ludat,

308 2125 360 2201 Et
378 2127 503 2203 Niobe
520 2127 636 2205 festos
654 2131 769 2205 ducat
785 2143 828 2205 ut
844 2131 937 2205 orba
954 2130 1101 2204 choros.

258 2238 453 2332 Luctibus,
472 2268 521 2319 an
539 2244 665 2322 studio
681 2248 811 2322 videor
828 2247 966 2321 debere
983 2245 1115 2332 teneri,

307 2358 420 2434 Solus
438 2360 477 2434 in
495 2371 685 2436 extremos
697 2363 829 2460 jussus
846 2361 951 2436 abire
969 2358 1114 2434 Getasl
1257 2364 1302 2432 10

257 2472 337 2548 Des
355 2473 446 2549 licet
462 2475 524 2549 hic
541 2474 666 2550 valido
684 2486 819 2575 pectus
837 2475 929 2549 mihi
946 2476 1079 2551 robore
1096 2473 1244 2560 fultum,

307 2588 426 2664 Fama
440 2589 555 2666 refert
570 2592 691 2691 Anyti
709 2594 822 2690 quale
839 2591 956 2667 fuisse
974 2615 1059 2680 reo;

258 2702 394 2778 Fracta
409 2704 522 2781 cadet
538 2717 654 2781 tantae
672 2705 861 2807 sapientia
877 2707 975 2781 mole
993 2706 1131 2780 ruinae:

306 2818 400 2894 Plus
417 2823 517 2897 valet
533 2822 708 2898 humanis
725 2822 866 2898 viribus
884 2823 940 2896 ira
958 2821 1044 2897 Dei.

288 3098 313 3144 5.
339 3094 386 3143 Per
407 3099 515 3147 odom
535 3099 615 3163 agitur
627 3098 751 3165 fortuna]
803 3114 902 3150 murs.
935 3100 999 3148 Mic.
1031 3100 1106 3162 Anyti
1131 3114 1176 3146 rso.
1204 3096 1303 3155 Socrati,

256 3167 325 3216 Nihil
340 3167 485 3234 bsqumtius
501 3170 597 3230 Ovidio,
611 3188 682 3238 qnam
697 3189 754 3223 con·
804 3189 875 3238 qoem
892 3173 990 3238 Anytus
1005 3172 1135 3222 soounvit.
1165 3171 1223 3222 ‘tres
1240 3171 1303 3221 eninr

254 3242 369 3292 ditionem
389 3260 455 3294 suam
474 3260 610 3312 oompsrare
628 3263 683 3298 cum
700 3265 753 3315 pro·
804 3248 870 3298 luere
895 3247 999 3297 Socratis
1022 3254 1170 3296 accusatores
1193 3246 1303 3303 Molitus.

254 3315 330 3374 osllis,
341 3317 530 3384 tempestatibus,
542 3321 589 3370 lxo.
626 3321 706 3372 Pons.
804 3323 908 3388 Anytus,
918 3329 944 3371 et
953 3322 1043 3386 Lycos.
1053 3319 1154 3370 Melitae
1165 3319 1261 3385 quidem
1271 3322 1303 3370 ob

288 3391 313 3440 7.
331 3391 439 3442 Pria-su
450 3395 652 3461 sstoranfsssre
666 3397 754 3461 ludet]
804 3403 886 3462 poetas
901 3395 926 3445 ei
945 3395 1061 3444 infestos:
1085 3393 1180 3460 Anytus
1197 3393 1229 3443 ob
1247 3397 1303 3443 arti-

256 3464 307 3530 Ego
325 3466 418 3525 redum
433 3469 508 3526 ledat,
524 3469 589 3535 qood
606 3485 636 3519 es
656 3469 755 3537 antiqno
804 3469 869 3528 lices,
880 3478 953 3535 atque
968 3468 1104 3535 reipublice
1119 3468 1303 3533 gubernatorem

255 3539 342 3606 scripto
358 3538 478 3608 receperat
495 3543 714 3606 Fraocolurteosis3
730 3553 755 3594 et
804 3544 887 3610 Lycos
894 3542 998 3608 denique
1009 3541 1085 3606 grstia
1093 3540 1221 3590 rhetorum.
1253 3544 1303 3591 Ac·

255 3613 341 3687 melius
355 3616 479 3683 respondet
490 3616 609 3683 sequenti,
619 3621 691 3668 duest
702 3620 754 3669 slo-
803 3616 897 3668 msstio
907 3626 987 3666 sotem
994 3614 1109 3667 babuitse
1119 3615 1192 3665 lame
1202 3614 1228 3664 in
1239 3615 1302 3666 hune

256 3703 305 3737 sos.-
322 3689 400 3739 lndsrs
413 3689 477 3739 enim
494 3699 531 3739 est
547 3691 643 3750 saltare,
658 3701 686 3742 ot
698 3693 754 3743 Me·
804 3691 917 3741 modum
934 3692 1044 3741 Socrates
1052 3690 1140 3757 injuste
1148 3689 1207 3754 egit,
1216 3689 1302 3755 joven-

256 3762 372 3827 tsmorpb.
382 3762 418 3812 iii.
428 3763 485 3813 686.
803 3772 880 3814 tutem
894 3765 1036 3830 depravans,
1049 3776 1078 3813 tc
1088 3763 1155 3813 Dsos
1170 3779 1230 3828 quos
1243 3763 1302 3814 oiri·

288 3836 313 3884 8.
338 3834 413 3884 Festos
428 3836 526 3901 eam]
554 3837 648 3887 Cboms
667 3838 755 3888 multo·
803 3848 841 3887 tes
856 3845 935 3903 putat,
950 3837 1001 3904 ipss
1017 3853 1064 3887 uon
1080 3844 1176 3903 potans,
1193 3836 1236 3887 sed
1255 3837 1303 3888 alii

255 3922 307 3957 rum
324 3908 421 3959 vocibus
440 3918 542 3968 constat,
559 3919 587 3960 ot
606 3910 693 3961 docent
711 3914 755 3963 Se·
803 3910 1120 3978 quodamnossdsmonis.
1152 3910 1223 3961 Plato
1232 3912 1303 3963 docet

255 3996 316 4031 neos
324 3990 350 4031 et
358 3983 506 4034 Macrobius.
803 4001 858 4034 euro
872 3993 940 4035 tauta
956 3985 1027 4036 luisse
1040 3985 1157 4052 sapientis
1169 3994 1195 4035 et
1209 3985 1302 4036 tortitu-

288 4057 328 4105 12.
346 4056 418 4105 Fons
432 4058 505 4124 sym
515 4060 591 4123 Anyti
605 4061 671 4124 nau
677 4060 756 4125 sotus
802 4058 867 4117 dine,
884 4067 912 4109 ut
930 4059 1032 4110 noluerit
1045 4076 1088 4125 pro
1103 4075 1129 4109 se
1146 4068 1189 4109 aut
1204 4075 1301 4111 causam

255 4128 310 4193 nt]
327 4131 374 4180 Pro
388 4131 493 4196 genitivo
509 4136 552 4190 rei,
568 4133 651 4183 malim
665 4150 704 4183 sss
719 4134 755 4184 le·
803 4132 892 4191 dicere,
904 4142 947 4183 aot
958 4148 1102 4199 quemquam
1113 4134 1213 4200 precari.
1229 4134 1302 4183 Mss.

255 4218 322 4267 gere,
337 4203 419 4255 dativo
436 4221 496 4256 caso
505 4225 513 4269 3
534 4218 562 4257 ut
577 4207 609 4258 sit
620 4208 752 4259 mnteotia:
803 4204 881 4265 Ἀλλ’,
902 4206 922 4256 ὁ
942 4204 1051 4273 Κρίτων,
1065 4208 1108 4256 sal
1125 4207 1155 4256 τὸ
1169 4206 1264 4272 splrov,
1280 4203 1303 4254 st

256 4277 334 4335 Quale
348 4288 434 4345 pectus
449 4281 584 4348 rsoAuyti,
596 4281 640 4331 boc
655 4291 700 4340 est,
710 4282 754 4332 So·
804 4279 883 4347 vairp
904 4284 956 4341 τοῖς
975 4281 1040 4340 θεοῖς
1058 4280 1142 4346 φίλον,
1162 4278 1241 4344 ταύτῃ
1261 4296 1301 4343 γι-

255 4350 316 4400 crati
327 4352 399 4403 luisse
411 4355 475 4404 bna
486 4355 565 4405 refert.
599 4354 753 4421 Nsmetdp·
803 4353 890 4405 vtato·
910 4354 951 4420 ἐμὲ
972 4354 998 4405 tt
1009 4353 1119 4413 Ἀνιιτος
1136 4354 1179 4402 :at
1196 4350 1302 4411 Mlbsroc

255 4426 374 4491 φιβολίιιν
389 4429 460 4478 lectio
476 4429 529 4479 bec
543 4430 620 4487 tollet,
635 4438 661 4480 et
676 4429 753 4479 versui
803 4427 951 4480 tumetra
965 4431 1012 4495 plu
1023 4426 1155 4483 tonnas,
1164 4423 1264 4489 βλάψαι
1276 4423 1302 4475 ll

254 4501 439 4566 quoquegratiae
447 4501 593 4568 aliquantum
601 4503 753 4564 conciliabit3
803 4502 840 4552 οὔ.
873 4503 976 4569 Epictet.
986 4502 1017 4552 tle
1028 4502 1132 4558 Sosmte,
1142 4516 1196 4567 cap.
1207 4498 1285 4550 ιιΙιίιιι.

253 4573 331 4624 vitata
348 4574 503 4625 similitudine
520 4592 590 4627 casus
607 4576 634 4628 in
652 4588 753 4644 suaque
838 4577 1007 4627 tartonam
1025 4574 1149 4644 perspicio,
1167 4576 1231 4627 boso
1248 4591 1302 4626 ver·
