3609 5967
543 776 857 847 uunlcaulun
880 775 1054 843 Fsclut.

1255 778 1322 845 lut

282 954 363 1029 Nec
381 978 532 1029 cerussa
548 956 628 1042 tibi,
647 978 718 1029 nec
735 952 821 1026 nitri
838 974 976 1050 spuma
991 951 1158 1025 rubentis

332 1073 453 1157 Desit,
471 1083 511 1145 et
527 1071 681 1172 Illyrica
697 1094 783 1169 quae
800 1068 902 1143 uenit
919 1068 982 1141 iris
1000 1068 1131 1141 humo.

282 1188 343 1262 Da
357 1188 488 1261 validis
501 1189 681 1285 juvenum
698 1185 837 1287 pariter
854 1183 1065 1280 subigenda
1080 1183 1250 1257 lacertis:
1269 1188 1319 1257 75

330 1303 408 1377 Sed
420 1306 566 1400 justum
582 1304 678 1377 tritis
695 1301 808 1375 uncia
823 1299 970 1400 pondus
987 1298 1069 1372 erit.

279 1416 421 1493 Addita
435 1418 484 1492 de
502 1419 659 1517 querulo
675 1418 868 1491 uolucrum
883 1414 1132 1489 medicamina
1148 1414 1236 1489 nido

330 1533 407 1606 Ore
423 1532 556 1630 fugant
572 1533 763 1607 maculas:
791 1530 1014 1629 Halcyonea
1030 1542 1176 1605 vocant.

280 1648 466 1735 Pondere,
486 1650 518 1721 si
535 1650 684 1747 quaeris,
703 1672 780 1747 quo
796 1647 869 1722 sim
885 1657 1086 1721 contentus
1102 1647 1230 1721 inillis
1245 1674 1255 1736 ;

330 1763 443 1848 Quod
457 1764 571 1837 trahit
587 1764 624 1837 in
641 1775 768 1863 partes
784 1763 896 1837 uncia
912 1773 1022 1837 sexte
1038 1762 1144 1837 duas.

1269 1765 1317 1836 80

280 1878 335 1952 Ut
350 1880 494 1966 coeant,
512 1890 675 1978 apteque
690 1880 754 1953 lini
771 1904 840 1979 per
855 1904 1012 1979 corpora
1029 1880 1186 1978 possint,

199 2014 202 2017 ’
288 2045 292 2058 ·
328 1994 462 2093 Adjice
479 1996 527 2069 de
544 1995 649 2068 flavis
666 1995 797 2071 Attica
811 1996 924 2070 mella
940 1994 1045 2069 favis.

279 2109 457 2194 Quamvis
474 2120 557 2184 tura
576 2110 689 2198 Deos,
709 2111 878 2209 irataque
893 2109 1048 2185 numina
1064 2110 1215 2209 placent
1229 2138 1238 2199 ;

328 2226 417 2301 Non
431 2238 558 2301 tamen
575 2226 744 2301 accensis
762 2226 890 2299 omnia
904 2226 1031 2299 danda
1046 2225 1153 2299 focis

277 2342 355 2415 'l'ns
372 2343 436 2416 ubi
453 2342 648 2416 miscueris
664 2342 809 2417 radenti
826 2345 962 2417 tubera
976 2344 1093 2430 nitro;

1268 2346 1315 2417 85

329 2458 563 2533 Ponderibus
576 2461 690 2556 justis
707 2458 769 2533 sac
785 2459 834 2533 sit
850 2460 1043 2556 utrimque
1058 2458 1186 2531 triens.

309 2743 350 2791 7³.
374 2742 461 2807 Nurt]
482 2742 542 2791 Vitri
556 2741 671 2793 editiones
687 2744 771 2810 prisea

275 2826 301 2865 et
323 2816 404 2883 scripti
427 2827 490 2866 octo.
515 2816 602 2865 nitrum
625 2818 674 2866 luci
699 2834 774 2883 geum

276 2891 341 2955 apud
357 2891 510 2940 ‘l'lreocritum
530 2890 597 2941 initio
613 2891 772 2957 Syracusano·

276 2980 340 3013 mm.
371 2966 464 3014 Herse.

309 3040 350 3087 74.
366 3038 436 3103 Iria]
455 3039 512 3088 vid.
524 3038 605 3088 erod.
616 3040 647 3087 sd
661 3039 769 3089 Scribon-

274 3112 348 3175 [arg.
357 3128 414 3178 cap.
424 3113 483 3162 xliv.
493 3112 585 3162 lxxxix.
596 3121 621 3161 et
630 3111 699 3161 alibi.

307 3186 349 3234 75.
359 3184 494 3249 quenum]
507 3186 669 3235 Anoillsrum.
694 3188 773 3236 Mss-

307 3259 347 3307 76.
365 3258 533 3322 Setinum]
558 3259 590 3306 Et
604 3275 678 3309 unus.
696 3260 770 3325 lage,

276 3334 333 3387 Quis
335 3336 428 3395 justum
440 3334 508 3381 tritis
541 3333 631 3381 Hesus.

306 3408 345 3455 77.
359 3409 447 3456 Addita
456 3408 509 3471 da]
525 3406 554 3455 Id
564 3416 611 3465 est,
619 3406 689 3457 adde.
720 3408 768 3458 Sed

274 3481 360 3529 rectius
376 3482 500 3545 legeretur,
516 3482 603 3529 Addito
618 3484 648 3529 de
663 3484 768 3544 mensio.

274 3553 425 3610 Perm'uceto,
446 3551 536 3619 inquit,
553 3562 579 3602 et
602 3553 767 3619 Halcyoneum

273 3626 484 3677 medicamentum:
502 3626 591 3692 dequo
605 3627 642 3675 sic
656 3628 691 3675 ait
701 3627 767 3678 Piis.

272 3699 370 3750 tiata.
394 3701 435 3749 Fit
448 3710 470 3749 et
483 3704 543 3749 mari
557 3700 766 3764 Halcyoneumep·

270 3777 382 3837 pellatam
390 3792 417 3823 cs
425 3778 486 3825 aidis
490 3777 533 3840 Qut
543 3776 616 3839 aliqui
623 3778 765 3837 existiment)

273 3850 407 3912 Μοςοποιοο
416 3861 440 3899 ct
449 3867 556 3913 esycum
572 3860 599 3897 ut
610 3851 661 3907 eiii,
672 3853 765 3899 esordi·

273 3923 312 3971 iius
328 3940 458 3985 spumosum
479 3925 675 3971 crassescentibus:
699 3925 766 3973 aliie

273 3998 551 4062 timoetqmuammorts
559 3998 678 4063 lanugine.
703 3998 768 4051 Quc-

273 4080 324 4118 tscr
342 4075 392 4135 ejrss
403 4089 505 4138 mern.-
532 4074 646 4119 cinaeum
664 4073 766 4132 syriarum

271 4146 343 4193 odoris
360 4149 450 4207 asperi.-
477 4147 576 4193 alterum
598 4146 665 4193 molle
684 4146 766 4202 leuius,

272 4219 401 4283 adcessere
416 4221 488 4284 alge:
515 4221 608 4267 tertium
626 4219 766 4267 candidioris

271 4294 402 4341 rurmiouli:
421 4303 529 4356 quartum
543 4294 685 4353 primianum,
699 4309 764 4353 spcu-

269 4369 354 4431 gicque
369 4370 433 4428 putri
449 4369 529 4424 simila
543 4384 600 4430 pesse
614 4384 763 4429 purpureum.

273 4440 339 4494 Quod
352 4444 467 4503 optimum,
485 4444 510 4491 s'd
527 4452 549 4490 et
567 4442 683 4489 Milesium
699 4458 763 4490 uoco·

271 4524 325 4561 tur.-
342 4532 385 4577 quo
398 4518 517 4564 candidium
533 4525 616 4572 nutem,
633 4517 673 4563 doe
689 4519 764 4583 miuus

267 4590 383 4651 probabile
402 4600 442 4638 cst.
483 4588 618 4656 legendum
638 4606 668 4639 ex
688 4590 763 4638 altero

821 2742 893 2793 Mau.
918 2745 1005 2793 Addita
1019 2742 1213 2807 dequensiudrc.
1247 2740 1317 2791 Cios.

821 2818 873 2883 thu
893 2816 986 2867 Ciot'ani
1009 2817 1134 2867 lectionem
1155 2814 1241 2881 recepi,
1262 2832 1316 2881 quer

820 2889 964 2941 sententiam
978 2891 1051 2941 efficit
1064 2890 1229 2947 rotundiorem,
1242 2890 1318 2938 Nidus

820 2968 931 3029 querulus
940 2982 991 3015 vero
998 2968 1074 3015 dictus
1084 2982 1125 3031 pro
1132 2964 1212 3032 pullis.
1223 2963 1315 3013 Glossee

819 3048 918 3096 semies,
930 3038 1050 3098 Niosson.
1064 3042 1139 3095 aidus,
1150 3040 1239 3101 pullus.
1254 3038 1318 3092 Qus-

819 3116 884 3161 rules
898 3117 972 3162 domos
988 3114 1049 3162 dixit
1062 3112 1190 3162 claudian.
1204 3112 1272 3179 proi.
1283 3112 1315 3161 ad

818 3186 854 3235 iii.
863 3187 935 3236 Cous.
944 3188 1036 3235 Honor.
1048 3202 1107 3235 vers.
1120 3189 1147 3237 5.
1176 3188 1267 3235 Burin.

851 3263 892 3311 tu.
916 3261 1094 3324 Quaeritis]
1119 3260 1256 3325 legendum
1277 3268 1314 3309 est

816 3352 846 3386 es
863 3334 1028 3385 vetustissimis
1042 3335 1216 3401 exemplaribus
1236 3334 1311 3391 Quod,

815 3410 908 3459 sedicet
917 3408 1019 3475 pondus.
1052 3408 1126 3457 Mes.

849 3484 891 3531 81.
912 3482 943 3531 Ut
958 3486 1037 3532 soient
1051 3492 1143 3546 apteque
1158 3484 1200 3531 lini
1208 3498 1250 3545 per
1260 3498 1311 3529 cor·

814 3574 871 3620 pore
885 3558 990 3621 possint]
1011 3556 1066 3605 Liui
1082 3572 1172 3622 expone
1189 3571 1231 3621 pro
1249 3554 1309 3604 illini

816 3638 841 3679 et
857 3630 949 3695 inungi,
963 3646 1012 3680 non
1028 3646 1071 3696 per
1087 3631 1162 3679 lineas
1177 3628 1267 3686 induci,
1283 3638 1311 3679 ut

815 3712 996 3755 commentetur.
1026 3706 1123 3753 Mrcsn.

847 3780 887 3827 85.
905 3778 1015 3841 lietera]
1034 3778 1101 3827 Mole
1114 3778 1222 3827 multis:
1236 3776 1312 3845 scrip·

815 3852 846 3901 tis
863 3854 975 3901 rodiano.
999 3851 1058 3901 illud
1078 3866 1132 3901 vero
1151 3858 1225 3909 reete,
1243 3852 1308 3917 quod
1347 3868 1351 3877 ·

815 3926 920 3991 quinque
935 3924 1059 3981 exhibent,
1073 3928 1163 3974 rudenti
1176 3928 1255 3975 tudere
1271 3929 1310 3975 ui·

816 4010 860 4047 tro.
868 4000 971 4049 Metam.
978 3998 1028 4049 viii.
1038 4000 1094 4048 808.
1104 4002 1219 4049 immodico
1228 4002 1307 4063 prodi·

814 4075 870 4121 bunt
880 4076 957 4121 tubere
968 4076 1017 4122 toli.
1035 4076 1114 4122 tubero
1129 4073 1168 4123 lriu
1177 4074 1256 4139 posuit
1265 4090 1310 4139 pto

813 4146 952 4202 furunculis,
975 4146 1075 4212 pupulis,
1099 4148 1257 4213 pustulieque.
1277 4146 1307 4195 de

814 4220 859 4269 hac
875 4220 929 4269 nitri
947 4221 970 4269 vi
985 4221 1039 4269 vide
1055 4220 1166 4277 Plinium,
1183 4221 1227 4269 lib.
1244 4220 1308 4269 xxxi.

813 4310 866 4360 cap.
877 4312 903 4343 1.
917 4298 1006 4351 rodere,
1016 4312 1057 4361 pro
1072 4296 1175 4344 eradere.
1192 4302 1217 4342 ut
1228 4294 1307 4342 monui

813 4366 894 4416 Amor.
905 4368 946 4417 lib.
958 4368 991 4417 iii.
1002 4368 1070 4433 Eleg.
1079 4368 1124 4417 ult.
1135 4370 1215 4413 radere
1229 4368 1309 4415 tubero

813 4441 885 4490 etiem
895 4442 1019 4491 luvenalis
1027 4442 1095 4499 dixit,
1106 4441 1147 4491 sed
1156 4440 1259 4489 deterres
1271 4450 1308 4491 tu·

812 4516 918 4566 acubus.
951 4516 1039 4565 llsrus.

868 4667 925 4715 K³
