3609 5967
507 782 574 848 ‹1ae
801 777 842 842 P.
866 774 1029 843 OVIDII
1054 772 1267 841 NASONIS

787 1032 1111 1113 EPISTOLA
1152 1030 1283 1107 VIII.

832 1242 1037 1309 uuxruo
1062 1219 1241 1307 corre.

510 1424 732 1497 Rennrrus
750 1430 811 1497 est
827 1420 938 1496 nobis
959 1419 1088 1494 Caesar
1105 1442 1193 1493 cum
1212 1417 1366 1493 Caesare
1384 1443 1517 1518 nuper,
1580 1430 1584 1446 ¹

560 1540 667 1623 Quos
684 1537 776 1611 mihi
794 1536 943 1625 misisti,
965 1534 1135 1610 Maxime
1154 1533 1283 1621 Gutta,
1299 1534 1425 1609 Deos:

511 1654 644 1753 thue
661 1677 771 1727 suum
788 1675 926 1726 munus
945 1674 1155 1737 numerum,
1170 1674 1286 1749 quem
1303 1651 1431 1740 debet,
1445 1652 1561 1726 habe-

561 1768 633 1843 Est
650 1769 703 1843 ibi
722 1769 939 1844 Caesaribus
959 1766 1065 1843 Livia
1076 1771 1212 1866 juncta
1228 1768 1319 1842 suis.
1472 1770 1560 1865 [ret,

510 1886 721 1985 Argentum
739 1885 842 1974 felix,
861 1886 1042 1982 omnique
1058 1885 1207 1959 beatius
1227 1908 1330 1971 auro,
1537 1889 1561 1959 5

560 2002 684 2091 Quod,
703 2002 826 2077 fuerat
842 2004 1006 2102 pretium
1024 2026 1143 2102 quum
1160 2002 1265 2089 rude,
1286 2025 1425 2075 numen
1443 2002 1527 2077 erit.

510 2118 598 2195 Non
616 2120 708 2193 mihi
725 2119 876 2194 divitias
892 2120 1020 2195 dando
1038 2123 1181 2219 majora
1197 2120 1383 2205 dedisses,

561 2235 763 2310 Coelitibus
780 2235 907 2309 missis
925 2247 1053 2311 nostra
1070 2237 1142 2311 sub
1159 2260 1226 2311 ora
1243 2234 1377 2311 tribus.

510 2350 581 2425 Est
597 2351 740 2452 aliquid
758 2362 933 2452 spectare
951 2352 1069 2439 Deos,
1089 2363 1129 2427 et
1144 2352 1279 2427 adesse
1297 2361 1442 2449 putare,

559 2466 610 2542 Et
628 2468 737 2567 quasi
755 2492 842 2542 eum
858 2493 947 2543 vero
965 2469 1118 2549 numine
1136 2492 1249 2568 posse
1267 2457 1384 2563 loqui.
1513 2471 1559 2540 10

508 2582 671 2657 Praemia
688 2595 842 2681 quanta,
863 2584 958 2659 Dei!
986 2609 1056 2661 nec
1074 2609 1136 2659 me
1155 2592 1261 2658 tenet
1276 2581 1410 2657 ultima
1426 2583 1556 2657 tellus:

559 2698 690 2796 thue
706 2700 823 2798 prius,
843 2699 968 2775 media
985 2724 1118 2800 sospes
1136 2700 1175 2773 in
1192 2700 1287 2774 urbe
1306 2723 1441 2773 moror.

511 2814 708 2891 Caesareos
722 2817 833 2891 video
848 2818 988 2905 vultus,
1007 2818 1111 2892 velut
1128 2826 1215 2892 ante
1232 2816 1429 2891 videbam:

561 2931 636 3006 Vix
654 2932 767 3030 hujus
783 2933 860 3007 voti
878 2957 967 3032 spes
985 2931 1056 3007 fuit
1071 2933 1151 3006 ulla
1166 2931 1272 3006 mihi.

512 3046 644 3144 thue
661 3050 885 3135 salutabam,
906 3073 1045 3125 numen
1062 3050 1217 3124 eoeieste
1237 3048 1383 3122 saluto:
1518 3051 1560 3121 15

560 3162 674 3248 Quod
692 3164 822 3239 reduci
839 3166 997 3255 tribuas,
1016 3166 1082 3254 nil,
1101 3175 1207 3264 puto,
1227 3165 1349 3261 majus
1368 3158 1500 3237 habes

544 3448 567 3494 1.
586 3446 628 3494 Eur
643 3446 768 3510 additus]
788 3448 832 3497 not
847 3446 927 3497 datm.
962 3447 1010 3497 Ge·
1062 3462 1226 3504 arunrrerum,
1237 3456 1263 3495 et
1278 3444 1312 3495 iu
1325 3445 1427 3510 pretinm
1437 3453 1497 3501 erat,
1509 3443 1527 3492 i.
1539 3460 1562 3493 e.

509 3536 548 3569 nar
563 3536 617 3569 eun
632 3519 729 3569 Carere.
761 3520 956 3585 Angustuncum
967 3520 1010 3570 Ti·
1062 3530 1195 3586 argentum,
1216 3536 1264 3586 qun
1291 3518 1383 3585 aliquid
1408 3519 1455 3568 erni
1475 3527 1563 3585 ponet,

508 3593 582 3643 beria.
623 3595 685 3644 Sunt
708 3593 750 3659 qui
776 3610 824 3643 nnn
849 3594 949 3653 Tiberii,
969 3594 1011 3645 sed
1061 3610 1125 3647 nune
1136 3594 1194 3643 mihi
1206 3608 1293 3643 numen
1309 3592 1355 3641 erit
1368 3601 1463 3658 propter
1478 3592 1564 3658 imagi-

510 3667 584 3717 Dmi
594 3667 690 3733 mauris
700 3667 830 3733 imaginem
841 3683 897 3717 curn
907 3668 1011 3734 Augurii
1062 3684 1104 3719 ner
1115 3670 1250 3718 Currum:
1269 3667 1333 3733 quod
1348 3668 1429 3727 edam,
1441 3683 1506 3733 qun,
1515 3668 1565 3734 spi-

508 3739 613 3804 imngine
623 3740 881 3805 minminteliignnt.
1061 3741 1463 3809 iimplenu,neqnuntur‚prnbnnt.
1496 3742 1564 3791 Num

541 3816 567 3862 ⁶.
582 3817 712 3879 Argentum
719 3815 794 3879 selis,
803 3818 908 3879 mnr'an
924 3817 1011 3865 beurim
1061 3832 1117 3865 vero
1133 3832 1244 3865 nummus
1259 3814 1339 3873 inerit,
1354 3815 1393 3864 eni
1409 3816 1566 3866 sacientur

490 3888 576 3944 ‘eum
595 3889 662 3941 Quod
673 3889 755 3953 ‚fuerit
770 3889 892 3953 pretim]
922 3890 1011 3939 Sensus
1060 3888 1238 3955 insculptam
1253 3889 1426 3948 ieunculn,uti
1444 3892 1564 3941 exv.57.

438 4007 441 4019 ,
508 3968 560 4009 ent:
578 3962 601 4009 0
622 3960 680 4008 felix
696 3970 830 4025 argentum,
845 3970 871 4010 et
889 3962 937 4026 ipsi
952 3977 1010 4011 turn
1060 3972 1085 4011 et
1095 3964 1135 4013 70.
1145 3962 1260 4029 suspicari
1271 3964 1307 4012 sun
1317 3972 1416 4021 aenon
1426 3964 1565 4030 iiqueenee

508 4032 758 4100 proferendumque
776 4050 851 4099 quum
869 4051 913 4100 per
931 4051 966 4091 se,
980 4050 1009 4085 ue
1060 4036 1162 4087 multum
1173 4038 1252 4087 refert.
1285 4038 1400 4087 Hunnus.

509 4106 687 4173 mde,pretinnr
705 4107 745 4164 sit,
760 4107 806 4155 huc
820 4117 865 4164 eet,
880 4107 1009 4173 pretiorum
1093 4113 1116 4159 8.
1136 4112 1253 4161 uelitibus
1274 4112 1369 4175 trinu]
1387 4112 1488 4161 Duobus
1507 4114 1566 4163 Ce-

506 4189 534 4232 et
551 4196 643 4239 earnm,
653 4196 717 4230 nune
734 4180 808 4231 etiarn
825 4181 898 4231 habet
912 4198 1009 4240 numen,
1058 4184 1151 4234 nribus
1161 4193 1186 4233 et
1195 4184 1273 4235 Livia.
1296 4186 1382 4235 Nostra
1392 4189 1489 4235 adora.
1512 4188 1566 4241 Sub

509 4257 555 4307 hnc
564 4257 739 4315 enacmin
749 4254 866 4321 imagines
875 4256 1009 4323 impressas,
1060 4267 1165 4307 nostrum
1176 4268 1338 4325 conspectum.

509 4333 676 4383 urecolum.
703 4332 800 4380 Mrcru.
1095 4334 1133 4382 15.
1153 4333 1186 4382 tlt
1206 4335 1356 4399 salutabam]
1378 4335 1413 4384 Ut
1432 4343 1566 4399 antatium

540 4408 565 4456 6.
583 4405 692 4470 Fame]
710 4406 840 4455 Burmann.
850 4403 971 4470 rescripsit
985 4404 1011 4454 in
1061 4406 1186 4471 relegarer,
1198 4406 1283 4457 nolitne
1292 4424 1358 4457 ernau
1373 4407 1404 4457 de
1418 4424 1483 4471 mure
1493 4424 1568 4457 mane

508 4489 585 4536 textu,
595 4495 667 4544 quem
680 4480 775 4544 sequuti
787 4494 877 4537 sumus,
884 4478 1011 4527 lectionem
1060 4480 1178 4529 salutare:
1196 4480 1262 4546 quod
1278 4482 1328 4530 fieri
1343 4483 1436 4532 nolebat
1451 4481 1533 4548 prima
1543 4489 1569 4531 et

510 4554 1010 4620 vduitnerrnncoratqueinterpmu·
1059 4552 1243 4602 seeundshnra.
1278 4555 1476 4607 Nummum
1509 4556 1567 4604 An·

508 4636 561 4674 tur:
579 4625 652 4690 qnod,
662 4642 736 4691 quum
748 4627 892 4693 fungebatur
902 4628 955 4678 vice
965 4628 1009 4677 nli-
1059 4636 1155 4692 gustum
1166 4628 1257 4677 Deum.
