3609 5967
524 740 665 807 ARTIS
687 736 957 803 AMATORIAE
981 736 1073 802 LIB.
1097 738 1146 803 11.
1332 740 1356 803 9

321 917 488 991 Dextera
503 914 692 1015 praecipue
710 912 813 1012 capit
829 910 1064 1007 indulgentia
1080 920 1248 987 mentes:
1290 916 1360 987 145

370 1032 563 1132 Asperitas
581 1030 721 1115 odium,
741 1050 916 1123 saevaque
933 1026 1059 1112 verba,
1078 1036 1242 1099 movent.

323 1147 482 1223 Odimus
501 1147 730 1245 accipitrem,
750 1144 841 1243 quia
857 1166 1007 1242 semper
1023 1143 1113 1217 vivit
1129 1143 1167 1216 in
1185 1143 1310 1231 armis,

372 1263 423 1337 Et
439 1262 615 1362 pavidum
633 1261 762 1335 solitos
780 1260 819 1332 in
836 1283 954 1358 pecus
972 1259 1026 1332 ire
1042 1259 1164 1357 lupos.

321 1380 374 1454 At
390 1388 493 1454 caret
510 1378 653 1453 insidiis
671 1377 876 1463 hominum,
896 1375 987 1474 quia
1002 1376 1119 1462 mitis,
1137 1376 1317 1450 himnd0:

372 1496 553 1593 Quasque
570 1495 671 1569 colat
686 1482 810 1569 turres*
826 1492 993 1568 Chaonis
1011 1494 1089 1567 ales
1106 1494 1232 1568 habet.
1293 1498 1364 1567 150

324 1612 418 1687 Este
434 1612 565 1711 procul
581 1612 679 1698 lites,
699 1619 738 1685 et
755 1633 890 1684 amarae
909 1610 1041 1710 proelia
1056 1609 1206 1706 linguae.

375 1727 559 1801 Dulcibus
578 1736 637 1801 est
652 1727 775 1800 verbis
793 1725 917 1799 mollis
934 1725 1090 1801 alendus
1109 1750 1224 1800 amor.

326 1842 408 1917 Lite
425 1840 556 1939 sugent
572 1852 776 1940 nuptaeque
793 1842 904 1929 viros,
922 1852 1136 1941 nuptasque
1153 1842 1296 1917 mariti:

375 1959 497 2057 Inque
509 1960 630 2033 vicem
648 1959 804 2033 credant
820 1982 879 2032 res
897 1958 969 2032 sibi
987 1981 1136 2057 semper
1156 1959 1228 2056 agi.

326 2074 409 2149 Hoc
424 2075 536 2150 decet
552 2098 708 2149 uxores:
736 2075 805 2148 dos
824 2084 883 2149 est
899 2074 1042 2161 uxoria,
1061 2074 1158 2149 lites.
1295 2078 1364 2149 155

375 2190 517 2265 Audiat
533 2202 681 2290 optatos
699 2215 848 2290 semper
866 2191 988 2265 amica
1004 2215 1128 2265 sonos.

327 2308 413 2383 Non
426 2310 521 2407 legis
535 2312 643 2409 jussu
661 2310 799 2384 lectum
816 2308 971 2384 venistis
988 2308 1027 2381 in
1044 2331 1180 2381 unum:

377 2424 558 2522 Fungitur
574 2426 613 2498 in
629 2426 734 2500 vobis
752 2447 906 2499 munere
921 2424 1017 2521 legis
1034 2448 1150 2497 amor.

330 2538 538 2615 Blanditias
556 2544 700 2628 molles,
719 2566 924 2641 auremque
937 2542 1108 2640 juvantia
1122 2540 1237 2614 verba

378 2653 507 2741 Adfer,
525 2666 567 2729 ut
584 2657 746 2730 adventu
762 2656 850 2730 laeta
867 2657 918 2729 sit
933 2656 998 2730 illa
1013 2666 1092 2730 tuo.
1299 2659 1369 2729 160

331 2769 367 2843 N
370 2794 419 2844 on
437 2795 507 2868 ego
524 2771 702 2847 divitibus
719 2774 826 2847 venio
844 2781 1054 2872 praeceptor
1070 2771 1242 2844 Amoris:

382 2884 447 2959 Nil
465 2910 560 2984 opus
577 2896 637 2960 est
653 2888 718 2973 illi,
738 2887 802 2985 qui
820 2888 939 2974 dabit,
959 2895 1038 2959 arte
1055 2886 1151 2958 med.
1289 2886 1369 2981 [cit.

333 3001 470 3075 Secum
485 3001 601 3074 habet
612 3002 816 3097 ingenium,
832 3002 1014 3099 qui,·cum
1028 3002 1133 3087 libet,
1145 3000 1300 3099 Accipe,
1314 3001 1370 3074 di-

381 3114 584 3191 Cedimus:
613 3117 772 3191 inventis
790 3119 874 3215 plus
892 3117 1018 3216 placet
1033 3116 1096 3188 ille
1114 3115 1219 3189 meis.
1301 3120 1370 3190 164

332 3230 566 3330 Pauperibus
583 3241 689 3305 vates
707 3257 777 3329 ego
795 3257 901 3321 sum;
932 3232 1022 3329 quia
1037 3253 1182 3330 pauper
1199 3232 1331 3305 amavi.

382 3346 481 3420 Cum
499 3348 588 3421 dare
605 3372 679 3421 non
697 3372 848 3447 possem
866 3370 1032 3433 munera,
1051 3347 1166 3420 verba
1181 3347 1330 3421 dabam.

334 3460 483 3562 Pauper
497 3473 598 3537 amet
614 3473 745 3539 caute:
774 3464 906 3538 timeat
922 3448 1146 3535 maledicere
1164 3485 1326 3562 pauper:

384 3578 596 3679 Multaque,
615 3580 791 3655 divitibus
809 3605 884 3654 non
901 3579 1090 3679 patienda,
1109 3576 1214 3652 ferat.

369 3777 423 3826 153.
440 3776 493 3827 Lite
498 3777 614 3844 fugant]
632 3778 723 3845 Fugerit
737 3778 829 3845 Regium
878 3778 942 3828 dicia
952 3779 1129 3845 frequentamus
1140 3786 1165 3826 et
1177 3777 1267 3827 causas
1276 3777 1374 3841 agendis

334 3850 535 3901 etLincoluiensis
543 3868 598 3901 cum
605 3851 829 3917 excerptisPuteaui
878 3868 975 3918 operam
991 3853 1084 3910 mnus,
1099 3860 1124 3900 et
1140 3852 1175 3901 ita
1195 3867 1255 3917 cepe
1272 3850 1375 3901 Renod.

335 3932 359 3971 et
374 3923 496 3989 Scaligcri.
511 3928 606 3973 madunt
617 3940 711 3990 quoque
722 3926 829 3991 sequenti
882 3927 937 3975 114.

337 4014 404 4048 versu
422 4014 464 4063 pro
479 4002 576 4049 crudum
592 3998 675 4047 iidem.
696 4007 721 4049 et
736 4016 771 4049 ror
787 4016 830 4066 pro
1001 3999 1107 4065 Roeogo,
1116 4000 1239 4047 resumis.

335 4088 382 4119 reru
389 4071 589 4123 melioresomnes.
596 4089 689 4139 sequor.
699 4074 831 4125 Hsrrrsrns.
880 4074 946 4124 Suet.
962 4072 1024 4123 Ces.
1042 4074 1085 4123 ts.
1103 4081 1128 4122 et
1145 4072 1201 4121 binc
1216 4083 1282 4122 octar
1297 4090 1374 4122 rorum

337 4145 427 4212 ineptit
449 4145 488 4195 bic
506 4147 610 4204 Merula,
631 4154 656 4197 et
676 4147 717 4212 qui
740 4164 831 4198 cacum
881 4148 947 4213 Aug.
963 4149 1004 4197 32.
1019 4147 1082 4213 quod
1095 4147 1134 4195 vel
1146 4147 1267 4211 tyronibus
1283 4156 1374 4197 notum.

337 4218 422 4269 ducem
441 4220 489 4269 fere
506 4236 600 4286 semper
613 4220 727 4286 sequitur,
743 4220 830 4287 Crispi·
880 4237 1026 4286 semusergo
1036 4220 1376 4279 eracoedrntribicontinuu,

338 4308 390 4350 nus,
402 4292 443 4359 qui
455 4292 486 4343 ad
501 4293 597 4343 divortii
610 4294 734 4343 formulam
746 4294 830 4361 respici
881 4304 1011 4345 atmutuas
1021 4294 1075 4345 litos
1084 4311 1144 4344 erse.
1156 4303 1182 4345 et
1194 4294 1238 4342 boc
1253 4293 1377 4357 sequentia

338 4374 428 4430 putant,
446 4384 481 4417 m
496 4360 548 4417 tuus
565 4368 606 4416 tibi
624 4368 710 4417 toleto.
726 4384 780 4417 cum
795 4385 832 4418 rer
881 4370 976 4419 docent.
1008 4370 1098 4418 Burin.

340 4442 378 4504 ogi
392 4440 508 4499 dicantur,
523 4458 578 4492 cum
595 4442 634 4491 vel
652 4442 747 4507 negotia
763 4458 830 4491 cura-
917 4444 970 4494 156.
988 4443 1101 4507 Optem]
1121 4442 1160 4491 lta
1175 4441 1270 4489 Terent.
1285 4439 1375 4489 Hesut.

340 4528 401 4569 mus,
418 4524 444 4563 ut
460 4525 628 4579 procuratores,
644 4514 706 4580 (vid.
723 4514 830 4565 Martini.
882 4516 916 4565 iii.
925 4516 958 4566 iii.
970 4516 1010 4566 50.
1022 4516 1106 4579 Optata
1118 4517 1215 4577 ioum

339 4603 364 4634 v.
381 4587 433 4651 62.)
444 4588 481 4638 rel
495 4590 612 4655 precipue
626 4604 680 4639 cnm
694 4589 719 4639 in
733 4589 782 4639 loro
793 4589 832 4654 ju·
