3609 5967
490 747 557 814 270
781 745 822 812 Ρ.
845 740 1009 811 0v1D11
1033 741 1248 810 NASONIS

492 920 682 995 Cornibus
700 919 762 993 hic
778 917 920 1004 fractio,
937 916 1047 991 viridi
1065 917 1164 991 male
1181 927 1307 993 tectus
1325 919 1374 992 ab
1392 921 1491 1007 ulva,

543 1036 707 1111 Decolor
723 1037 807 1134 ipse
825 1058 894 1108 suo
913 1034 1096 1131 sanguine
1116 1034 1275 1110 Rhenus
1293 1038 1384 1114 erit:

493 1153 672 1233 Crinibus
689 1176 738 1227 en
755 1152 870 1227 etiam
887 1151 1006 1225 sertur
1025 1151 1232 1227 Germania
1247 1155 1386 1252 passis,

544 1268 595 1343 Et
611 1269 720 1343 ducis
737 1267 867 1342 invicti
886 1268 960 1342 sub
978 1267 1075 1366 pede
1094 1280 1231 1343 moesta
1247 1270 1378 1360 sedet;

493 1385 681 1483 Collaque
700 1384 882 1459 Romanae
899 1386 1075 1483 praehens
1093 1385 1264 1460 animosa
1281 1387 1416 1473 securi,
1494 1392 1544 1461 45

542 1502 705 1577 Vincula
720 1501 794 1577 fert
810 1502 886 1590 illa,
906 1525 983 1599 qua
1000 1501 1087 1575 tulit
1105 1525 1220 1589 arma,
1239 1526 1366 1576 manu.

492 1616 575 1692 Hos
592 1642 707 1717 super
723 1617 762 1692 in
779 1641 904 1705 curru,
925 1617 1068 1705 Caesar,
1088 1619 1230 1694 victore
1246 1622 1394 1695 veheris

541 1733 762 1835 Purpureus
780 1735 909 1834 populi
929 1735 1000 1811 rite
1018 1759 1086 1834 per
1103 1760 1169 1810 ora
1185 1737 1263 1825 tui;

492 1850 655 1950 Quoque
673 1852 759 1938 ibis,
778 1851 954 1928 manibus
972 1851 1298 1951 circumplaudere
1315 1863 1479 1939 tuorum,

473 1952 476 1958 ¹
542 1967 724 2066 Undique
737 1969 884 2066 jactato
903 1967 995 2043 flore
1013 1979 1166 2065 tegente
1183 1968 1277 2044 rins.
1495 1972 1544 2043 50

491 2081 680 2182 Tempora
697 2082 869 2159 Phoebea
885 2085 991 2158 lauro
1008 2086 1189 2182 cingeris;
1219 2086 1346 2184 ioque,

541 2199 668 2288 Miles,
689 2201 738 2288 io,
757 2224 896 2298 magna
912 2226 1018 2290 voce,
1038 2202 1242 2301 triumphe,
1263 2211 1388 2277 canet.

491 2314 581 2415 Ipse
599 2341 704 2403 sono,
717 2317 932 2416 plausuque
946 2317 1069 2403 simul,
1082 2317 1311 2416 fremituque
1325 2319 1539 2403 canentum,

543 2431 800 2530 Quadrijugos
817 2457 952 2507 cernes
969 2456 1073 2532 sape
1090 2435 1265 2508 resistere
1283 2457 1417 2532 equos.

493 2549 589 2625 Inde
606 2561 715 2648 petes
732 2574 871 2639 arcem,
891 2550 1051 2624 delubra
1065 2549 1230 2625 larentia
1246 2549 1365 2637 votis3
1493 2552 1542 2623 55

543 2664 595 2740 Et
611 2666 762 2740 dabitur
778 2665 913 2742 merito
931 2667 1059 2742 laurea
1074 2677 1163 2742 vota
1178 2665 1203 2740 J
1205 2667 1278 2740 ovi.

523 2839 567 2889 41.
579 2839 691 2888 Cornibus
703 2841 740 2888 hic
749 2839 859 2904 fraena]
879 2837 993 2904 infractis
1043 2840 1112 2889 docte
1131 2840 1249 2906 pleneque
1265 2839 1316 2903 agit
1333 2837 1477 2888 Periron.in
1492 2838 1542 2886 ani-

491 2913 539 2964 tlno
550 2921 650 2964 veteres.
676 2913 825 2964 Claudianus
832 2914 863 2964 de
873 2914 974 2963 Rheno:
1042 2914 1159 2964 madrars.
1178 2913 1296 2963 historicis
1313 2928 1370 2980 cap.
1390 2913 1424 2962 ri.
1441 2929 1467 2979 p.
1484 2912 1542 2961 227.

525 2987 637 3038 Ccrnihas
647 2989 755 3056 infractis
764 2993 820 3039 adeo
829 2991 944 3038 mitescere
954 3007 991 3038 co·
1040 3005 1096 3054 sqq.
1119 2989 1234 3037 Harmas.

554 3067 606 3129 git:
1075 3064 1115 3112 62.
1132 3061 1209 3126 loque,
1230 3062 1306 3120 Miles,
1329 3064 1359 3118 io,
1381 3079 1466 3127 magna
1484 3077 1542 3117 aare,

490 3138 590 3204 infracti
608 3141 701 3187 adverso
721 3137 799 3186 Marte
817 3137 907 3194 latini,
927 3137 992 3203 apud
1043 3135 1353 3204 triamphc,canst.]lorox
1365 3135 1542 3191 estdammtis,

491 3214 560 3278 Virg.
571 3213 678 3263 AEnxii.
687 3214 711 3261 l.
720 3215 798 3262 eterit
807 3227 850 3277 pro
860 3222 911 3260 erat
923 3211 991 3277 prim.
1042 3227 1091 3276 qua
1101 3211 1286 3278 triumphantem
1296 3210 1463 3276 imperatorem
1477 3223 1543 3258 exer·

492 3287 603 3337 Politen
616 3287 725 3337 ducalii.
743 3288 833 3335 llarns.
867 3286 933 3334 Mala
947 3297 993 3336 tsc-
1042 3285 1104 3334 citus
1121 3301 1221 3352 sequana
1240 3287 1368 3346 utebatur;
1384 3283 1438 3334 ride
1455 3284 1542 3333 Horat.

492 3372 531 3412 tas
550 3364 579 3410 ah
599 3364 662 3411 aloa.
703 3361 760 3410 Non
779 3368 917 3410 coronatum
936 3361 994 3410 alra
1042 3359 1074 3409 iv.
1085 3359 1225 3410 Od.ii.49:

491 3435 604 3498 intelligit
629 3444 708 3500 poeta,
735 3434 777 3484 sed
805 3434 994 3492 delitescentem,
1077 3434 1155 3498 Tuque
1164 3437 1220 3483 duas
1228 3437 1338 3497 procedis,
1350 3433 1384 3490 lo,
1395 3433 1516 3496 triumphe,

492 3508 561 3575 qnasi
571 3524 620 3574 pre
631 3507 798 3564 formidinnao
808 3506 873 3571 quod
881 3508 933 3572 jam
944 3507 994 3557 ric·
1077 3508 1131 3557 Non
1145 3511 1211 3558 renel
1221 3512 1328 3566 damus,
1341 3507 1376 3565 lo.
1390 3506 1510 3570 triumphe,

491 3590 530 3632 tus
540 3591 565 3633 ct
575 3583 606 3631 ah
617 3580 743 3646 hostejsm
753 3588 839 3645 captus
848 3590 920 3630 asset.
1078 3583 1165 3632 Civitas
1174 3586 1253 3639 omnir,
1262 3584 1408 3646 dabimusque
1420 3581 1488 3630 Diris

523 3658 565 3706 ta.
574 3657 710 3718 Purpureas
718 3653 797 3716 populi
806 3653 873 3717 rita]
890 3655 993 3704 Iurene
1141 3656 1205 3704 Tora
1216 3658 1327 3723 benignis.

471 3752 474 3756 ⁴
490 3746 617 3798 purpurea,
623 3745 694 3795 quarn
703 3727 780 3777 aureis
787 3727 992 3777 intextamsideri·
1074 3731 1115 3779 53.
1126 3729 1177 3794 lpse
1189 3747 1249 3788 sono,
1259 3730 1410 3795 plausuque]
1430 3729 1494 3779 Nam
1508 3729 1543 3779 ci·

489 3806 536 3854 bns
545 3803 718 3868 triumphanter
727 3802 861 3866 gestabant.
880 3802 953 3850 Mra.
1041 3803 1202 3853 tharoedornm
1227 3819 1256 3854 ac
1282 3805 1394 3854 tibiarum
1418 3806 1496 3862 turbs,
1511 3804 1543 3853 ad

522 3881 563 3927 60.
578 3879 684 3940 Undique
686 3881 780 3940 jactato
780 3875 863 3940 flora]
877 3875 939 3924 Item
950 3891 992 3941 po·
1041 3877 1166 3927 Hetmscrs
1183 3877 1364 3928 similitudinem
1378 3893 1480 3944 pompe,
1495 3878 1541 3926 im·

490 3954 562 4020 pulus
571 3951 750 4001 Romilorihus
765 3949 915 4016 adspergere,
925 3963 992 3998 coro·
1041 3959 1173 4016 peratorem
1181 3952 1359 4018 precedebant.
1377 3950 1410 4000 Hi
1418 3945 1543 4008 succsrrcti,

491 4043 534 4076 nas
550 4036 575 4075 st
589 4025 717 4074 lemniacos
731 4024 845 4090 projicere
858 4023 951 4072 solebat
965 4021 991 4072 in
1042 4024 1180 4091 coronisque
1199 4027 1277 4074 aureis
1291 4024 1403 4082 redimiti.
1420 4041 1464 4074 suo
1479 4024 1543 4091 quis·

491 4119 540 4160 eoa,
549 4117 608 4167 qnos
618 4099 771 4149 cohonestare
782 4099 885 4147 volebat.
902 4098 981 4147 Pour.
1041 4113 1089 4163 qua
1096 4098 1178 4148 ordine
1185 4099 1315 4165 psallentes
1324 4107 1484 4164 carentesque
1490 4114 1543 4164 pro-

523 4177 606 4226 Festus
616 4172 758 4239 Pompeius:
772 4172 894 4228 laureati,
906 4175 990 4235 inquit,
1041 4172 1134 4221 dihant.
1160 4174 1251 4223 Herus.

488 4249 783 4312 nitt1n‚noaqaetanror
793 4263 888 4294 cannas
907 4248 990 4294 trian-
1074 4249 1114 4296 65.
1124 4246 1227 4310 Arcera]
1247 4244 1404 4313 Capitolium.
1432 4245 1464 4294 Et
1477 4247 1542 4294 dela·

486 4329 591 4391 phontis,
609 4335 637 4373 ut
650 4326 715 4388 quari
729 4323 828 4388 purgati
841 4339 856 4369 a
870 4323 929 4370 cede
947 4320 990 4368 ltu·
1042 4321 1083 4369 hro
1094 4320 1205 4387 jacentia
1224 4324 1289 4370 cotis.
1328 4319 1455 4387 Templum
1475 4320 1543 4370 Joris

483 4419 557 4449 »mana
576 4402 691 4448 intrarent
712 4398 799 4445 urm.
831 4393 914 4458 ltaque
931 4411 990 4442 sam·
1041 4393 1180 4461 Capitolini,
1194 4395 1236 4459 qni
1251 4394 1382 4445 iaritrotis
1398 4391 1544 4458 imperatoris

489 4477 540 4523 den
557 4476 651 4523 aaran
664 4473 767 4521 annitar
783 4468 935 4534 raffitions‘has
949 4469 991 4516 ad·
1041 4467 1071 4517 ad
1082 4468 1172 4520 bellum
1180 4469 1298 4528 exeuntis,
1307 4480 1332 4519 et
1339 4467 1421 4536 populi
1428 4467 1543 4517 Romam.

489 4549 563 4597 hilari
578 4549 669 4596 colitans
685 4555 734 4595 erat
743 4563 752 4605 ,·
769 4547 805 4594 oei
821 4545 880 4608 quod
892 4544 990 4591 medica·
1042 4539 1115 4591 Man.

489 4615 738 4671 mmsiecisrinasit.
770 4619 869 4685 Dejnre
879 4616 991 4684 triumphi
1074 4617 1116 4666 56.
1134 4617 1215 4680 Vota]
1238 4615 1288 4666 Alii
1302 4613 1373 4665 codd.
1391 4625 1461 4674 anta,
1478 4613 1543 4680 quod
