3609 5967
472 760 539 881 ⁴⁷⁴
760 779 800 845 P.
824 776 988 846 ovrnu
1010 777 1224 845 ussurus

475 954 588 1041 Quod
604 955 702 1029 bene
718 954 768 1028 de
784 954 891 1028 vobis
909 953 1070 1053 speravi,
1088 952 1287 1050 ignoscite,
1303 954 1435 1030 amici:

523 1070 631 1162 Talia
647 1069 831 1170 peccandi
845 1072 925 1168 jam
943 1070 1036 1142 mihi
1053 1070 1138 1143 finis
1156 1071 1240 1144 erit.
1477 1077 1525 1146 lo

475 1188 558 1263 Nec
576 1187 698 1285 gravis
716 1185 825 1261 uxori
842 1186 969 1260 dicar:
991 1208 1076 1282 quae
1095 1185 1246 1261 scilieet
1263 1186 1302 1260 in
1319 1211 1380 1261 me
1577 1162 1587 1183 ⁸

524 1303 648 1388 Quam
668 1304 799 1401 proba,
813 1313 891 1375 tam
913 1300 1046 1381 timida
1065 1310 1137 1387 est,
1156 1303 1434 1400 experiensque
1454 1327 1522 1401 pa-

621 1443 717 1491 rurn.
1184 1424 1194 1443 ⁸

473 1533 566 1609 Haec
585 1558 752 1633 quoque,
769 1533 886 1619 Nesse,
905 1532 1025 1621 feres;
1047 1532 1186 1607 etenim
1205 1535 1335 1631 pejora
1351 1533 1492 1609 tulisti:

400 1636 404 1641 ⁴
520 1650 545 1723 J
547 1675 608 1729 am
627 1651 696 1723 tibi
714 1649 844 1726 sentiri
862 1649 1011 1724 sarcina
1027 1646 1133 1723 nulla
1148 1659 1287 1748 potest.
1354 1716 1361 1723 .

454 1766 622 1841 'Ductus
641 1768 689 1842 ab
708 1776 878 1842 armento
895 1777 1025 1841 taurus
1044 1766 1233 1841 detrectat
1251 1775 1438 1854 aratrum3
1475 1769 1519 1839 15

523 1882 723 1956 Subtrnhit
741 1892 779 1955 et
796 1882 890 1955 duro
909 1882 1009 1956 colle
1025 1882 1174 1956 novella
1186 1883 1294 1980 jugo.

472 1997 566 2084 Nos,
585 1998 724 2096 quibus
743 1997 917 2070 adsuevit
933 1996 1052 2072 fatum
1069 1996 1274 2071 crudeliter
1291 1995 1359 2082 uti,

520 2098 582 2188 Ad
599 2116 700 2188 male
711 2115 791 2211 jam
809 2113 957 2212 pridem
975 2138 1049 2188 non
1068 2136 1199 2186 sumus
1217 2112 1295 2186 ulla
1311 2112 1436 2187 rudes

470 2229 653 2305 Venimus
671 2229 710 2302 in
729 2230 887 2303 Geticos
904 2229 1021 2317 fines3
1044 2229 1246 2302 moriamur
1262 2228 1301 2299 in
1319 2226 1404 2312 illis,

521 2346 721 2445 Parcaque
734 2347 782 2422 ad
795 2357 1020 2431 extremum,
1034 2368 1110 2442 qua
1122 2368 1208 2418 mea
1220 2343 1348 2441 coepit,
1359 2351 1432 2415 eet.
1466 2347 1519 2415 20

472 2463 590 2562 Spem
595 2465 704 2561 juvet
714 2463 915 2562 amplecti;
936 2486 1021 2560 quae
1033 2485 1109 2534 non
1117 2458 1515 2558 juvatirritesemper3

522 2576 584 2664 Et,
600 2577 681 2653 fieri
699 2577 830 2677 cupias
848 2577 879 2651 si
898 2601 987 2674 qua,
1006 2575 1132 2650 futura
1149 2584 1274 2674 putes.

328 2758 332 2765 ,
422 2786 425 2792 ¹
469 2692 673 2768 Proximus
688 2692 775 2767 huic
786 2692 926 2789 gradus
939 2702 1010 2779 est,
1022 2692 1120 2766 bene
1131 2680 1337 2789 desperare
1343 2689 1516 2778 salutem,

523 2810 651 2908 Seque
669 2809 787 2885 semel
801 2831 891 2883 vera
908 2806 1005 2881 scire
1023 2808 1168 2905 perisse
1185 2804 1274 2879 fide.

470 2924 745 2999 Curandofieri
763 2925 939 3023 quaedam
954 2921 1288 3020 majoravidemus
1469 2924 1518 2993 25

517 3039 697 3127 Vulnera,
717 3063 802 3136 quae
821 3038 956 3113 melius
973 3061 1049 3111 non
1065 3036 1237 3133 tetigisse
1251 3035 1335 3109 fuit.

469 3155 603 3230 Mitius
620 3156 684 3231 ille
701 3155 810 3255 perit,
829 3154 957 3229 subita
970 3154 1036 3252 qui
1054 3152 1235 3251 mergitur
1252 3153 1365 3238 unda,

520 3271 645 3358 Quam
663 3296 733 3347 sua
749 3271 814 3370 qui
832 3272 987 3346 tumidis
1004 3270 1160 3346 brachie
1175 3271 1292 3348 lassat
1309 3268 1432 3368 aquis.

461 3523 518 3562 ‘tum
540 3512 763 3580 wnoendgenus,
783 3533 832 3584 quo
852 3518 968 3568 hactenm
1018 3524 1132 3574 mentum,
1149 3515 1221 3581 qussi
1235 3511 1461 3578 πωπω]
1474 3512 1518 3560 bu-

450 3603 527 3636 <usus
536 3604 597 3636 snm.
674 3594 677 3603 '
1018 3607 1060 3639 res
1069 3586 1345 3653 meximeeligeruntnd
1359 3585 1517 3634 erendumv.

501 3664 525 3710 8.
538 3662 575 3710 Ns
585 3663 649 3710 toties
655 3671 743 3720 eonon,
754 3663 813 3727 dre]
826 3665 894 3730 Πρὸς
903 3666 969 3729 κῦμα
1019 3664 1120 3713 Gesner.
1141 3662 1247 3711 tumor.
1266 3662 1296 3710 L.
1306 3662 1336 3709 L.
1352 3661 1397 3709 snb
1414 3659 1438 3708 h.
1451 3676 1475 3707 v.
1492 3668 1519 3709 et

466 3737 600 3792 λακτίζειν.
619 3737 703 3803 Eurip·
712 3737 782 3802 Virg-
790 3738 968 3804 Georg.i.201.
1021 3741 1154 3787 Arniensem
1179 3751 1292 3802 pecorum
1316 3735 1430 3800 majorum
1455 3733 1518 3783 mul·

503 3812 543 3857 11.
563 3810 613 3859 Nec
629 3815 708 3874 pasis
722 3815 790 3859 uxori
807 3814 895 3876 dicon]
915 3813 968 3862 Nee
1018 3812 1112 3872 titnd03
1138 3828 1195 3877 gree
1220 3808 1314 3877 proprie
1337 3809 1453 3858 minorum
1473 3817 1518 3859 est.

467 3898 507 3930 ero
518 3882 616 3930 ulterius
624 3884 738 3932 molestus
748 3884 815 3933 uxori
824 3901 892 3943 mese,
904 3886 968 3935 idem
1019 3887 1132 3935 Hsnuss.

467 3954 539 4004 etism
550 3953 682 4004 scribendo.
1050 3962 1091 4008 22.
1104 3958 1251 4024 Qunfntnrn
1260 3955 1347 4020 putes]
1364 3958 1452 4005 Sensus
1463 3964 1516 4004 est:

499 4030 540 4077 12.
552 4028 717 4091 amensque
725 4030 829 4093 purum]
841 4031 873 4079 Et
883 4047 967 4096 perum
1017 4036 1089 4100 Spem
1115 4033 1181 4081 illem
1206 4030 1396 4098 amplectendam
1422 4044 1516 4086 oenseo,

467 4103 558 4161 solers3
575 4117 629 4167 qne
647 4116 696 4151 non
712 4112 789 4152 tentet
804 4113 829 4153 et
846 4104 968 4170 experitur
1017 4123 1072 4173 quis
1088 4124 1135 4157 nnn
1153 4115 1190 4155 est
1208 4106 1281 4163 irrita,
1294 4114 1319 4152 et
1334 4120 1382 4170 qna
1396 4118 1517 4169 spennrm

466 4176 557 4233 omnia,
568 4177 724 4226 utCesarern
740 4177 799 4227 mihi
813 4188 904 4227 exoret.
920 4179 967 4228 Te·
1017 4183 1041 4231 id
1050 4180 1159 4246 adsequi,
1170 4180 1234 4247 qnod
1245 4188 1356 4245 optamus
1366 4178 1427 4226 fieri.

467 4259 530 4300 rent.
535 4249 640 4316 Adelph.
648 4248 684 4299 iii.
692 4252 716 4299 ὁ.
727 4252 918 4316 mitansncinn,
929 4268 967 4301 ex·
1048 4257 1091 4306 23.
1105 4257 1225 4304 Proximus
1236 4256 1289 4302 hnic
1297 4256 1386 4319 gradus
1396 4252 1451 4315 aa]
1464 4252 1517 4301 Pri·

465 4328 553 4388 perier.
1016 4330 1152 4380 musenim
1173 4329 1262 4393 gradus
1282 4335 1320 4376 est
1341 4342 1444 4391 sperare,
1461 4342 1517 4391 ques

502 4400 541 4446 14.
552 4399 628 4446 Nulla
637 4398 748 4462 sarcina]
761 4398 861 4448 Nullum
871 4414 939 4448 onus
1016 4403 1114 4469 adsequi
1131 4412 1256 4469 optemus:
1274 4399 1395 4450 secundus
1406 4415 1471 4454 vero,
1487 4415 1519 4448 es

503 4474 540 4522 15.
566 4474 708 4533 Decimae
731 4485 833 4524 armento
860 4475 964 4538 tunm]
1016 4477 1141 4542 desperare
1153 4494 1207 4542 qun
1220 4476 1317 4524 minime
1329 4473 1429 4539 adsequi
1443 4474 1517 4523 eonfi-

465 4546 558 4595 Tsnrus
577 4548 705 4597 indomitus
721 4558 799 4598 aratro
816 4549 966 4606 adnoten-
1016 4551 1103 4601 dimus.
1125 4552 1187 4600 Bene
1197 4554 1315 4614 desperare
1325 4551 1431 4598 salumn.
1449 4551 1516 4599 Bene

466 4620 590 4685 Verpeort.
607 4623 691 4671 laudat
707 4625 804 4673 Festum
821 4624 867 4695 suo
879 4642 903 4673 v.
919 4624 965 4674 Ar·
1016 4625 1135 4691 deponere
1145 4641 1212 4691 spem
1222 4622 1307 4674 salutis
1316 4622 1415 4673 initam.
