3609 5967
491 777 557 842 352
787 776 826 839 P.
851 773 1013 840 OVIDII
1037 775 1251 841 NASONIS

489 950 571 1028 Ah!
600 950 750 1046 quoties
767 948 860 1035 dixi,
880 959 984 1022 ce'rte
1003 948 1054 1021 nil
1072 959 1182 1046 turpe
1200 950 1365 1024 docetis!

541 1064 621 1154 lte3
652 1073 758 1163 patet
775 1063 891 1136 castis
909 1064 1080 1137 versibus
1100 1063 1163 1137 ille
1182 1066 1301 1139 locus

491 1180 577 1253 Non
595 1190 722 1253 tamen
737 1180 948 1254 accedunt:
969 1180 1050 1267 sed,
1063 1191 1106 1253 ut
1123 1181 1291 1280 adspicis
1309 1182 1404 1281 ipse,
1424 1184 1541 1257 latere

540 1296 621 1368 Sub
641 1296 736 1370 Lare
753 1297 899 1394 privato
917 1296 1036 1370 tutius
1054 1321 1139 1372 esse
1154 1307 1301 1396 putant.
1496 1303 1541 1371 10

386 1405 390 1410 ⁴
490 1411 649 1498 Quaeris,
669 1412 735 1484 ubi
753 1412 821 1486 hos
841 1413 963 1512 possis
982 1415 1086 1486 nullo
1103 1437 1332 1512 componere
1350 1413 1466 1487 laesot

541 1527 628 1612 Qua
645 1537 830 1601 steterant
846 1539 958 1615 artes
979 1552 1066 1627 pars
1084 1540 1193 1602 vacat
1210 1530 1275 1602 illa
1291 1529 1373 1604 tibi.

489 1642 591 1727 Quid
608 1644 771 1730 veniant,
785 1643 953 1716 novitate
967 1667 1077 1740 roges
1093 1643 1254 1719 fortasse
1272 1645 1344 1717 sub
1359 1644 1463 1741 ipsa:

539 1758 695 1858 Accipe,
705 1759 974 1857 quodcumque
985 1769 1055 1846 est,
1068 1758 1536 1833 dummodononsitamor.

492 1873 679 1960 Invenies
700 1874 871 1979 quumvis
890 1899 964 1947 non
982 1884 1042 1949 est
1058 1874 1282 1949 miserabilis
1300 1874 1427 1961 index,
1495 1878 1538 1947 15

540 1989 627 2062 Non
646 1990 771 2062 minus
789 1989 860 2062 boe
879 1989 945 2062 illo
962 1989 1083 2077 triste,
1103 1990 1207 2088 quod
1225 2001 1312 2065 ante
1330 1991 1442 2065 dedi:

492 2106 624 2180 Rebus
644 2106 757 2190 idem,
777 2105 889 2178 titulo
907 2104 1054 2196 differt3
1079 2116 1119 2180 et
1136 2106 1297 2206 epistola
1313 2106 1374 2181 eui
1392 2107 1442 2181 sit

540 2219 577 2294 N
579 2246 628 2294 on
647 2222 836 2295 occultato
854 2224 1005 2298 nomine
1023 2225 1150 2311 missa,
1169 2225 1294 2298 docet.

490 2335 572 2410 Nee
589 2362 655 2410 vos
674 2337 745 2410 hoe
761 2338 887 2425 vultis,
907 2339 973 2412 sed
993 2363 1063 2414 nec
1081 2341 1281 2439 prohibere
1298 2339 1456 2437 potestis
1472 2367 1481 2426 ;

540 2452 731 2551 Musaque
749 2455 797 2528 ad
815 2455 953 2529 invitos
971 2458 1138 2532 officiosa
1154 2458 1269 2531 venit.
1488 2461 1538 2530 20
1610 2434 1624 2458 ⁹

490 2567 681 2667 Quicquid
696 2569 734 2642 id
748 2581 818 2656 est,
832 2572 998 2668 adjunge
1011 2572 1106 2646 meis
1122 2599 1130 2647 :
1152 2571 1244 2645 nihil
1263 2571 1421 2670 impedit
1437 2582 1537 2644 ortos

541 2683 696 2773 Exsule,
717 2687 874 2760 servatis
892 2687 1052 2783 legibus,
1072 2687 1165 2761 urbe
1182 2686 1267 2760 frui.

490 2799 602 2884 Quod
620 2812 766 2876 metuas
785 2827 860 2876 non
879 2814 958 2877 est:
981 2803 1123 2876 Antoni
1141 2803 1282 2901 scripta
1298 2803 1496 2897 leguntur3

540 2916 686 2991 Doctus
704 2929 743 2991 et
760 2919 797 2990 in
815 2931 966 3017 promtu
985 2918 1123 2994 scrinia
1142 2918 1284 2992 Brutus
1301 2920 1429 2992 habet.

521 3071 610 3131 a.1o,·
625 3083 689 3136 potet
703 3075 770 3122 oasfis
785 3077 885 3124 versibm
898 3077 941 3124 ille
956 3078 988 3124 lo·
1040 3075 1185 3131 mulieribus,
1201 3091 1256 3140 quie
1273 3073 1334 3124 filios
1352 3085 1497 3139 geunmt:
1515 3074 1538 3123 iu
1558 3058 1562 3067 ¹

489 3147 550 3210 eso]
568 3147 661 3197 Locum
681 3148 743 3198 hunc
763 3147 876 3214 intelligit
893 3150 990 3200 Merula
1039 3148 1140 3214 epistola
1156 3148 1301 3215 Hypsipyles
1315 3148 1346 3198 ad
1359 3149 1481 3204 hannem,
1494 3148 1534 3196 121

489 3221 519 3270 de
538 3221 590 3288 ipsa
609 3221 701 3271 Roma:
726 3223 768 3272 sed
789 3223 846 3288 quia
866 3223 988 3289 praecedit,
1039 3231 1117 3288 etsq:

491 3296 589 3344 Publica
605 3314 650 3345 non
667 3297 754 3345 audent
770 3301 833 3345 inter
845 3308 990 3347 monumento

489 3372 574 3422 venire.
585 3384 695 3435 caperem
710 3369 741 3419 de
756 3370 874 3437 Apollinis
884 3372 989 3423 Palatini

489 3443 577 3506 templo
591 3452 616 3491 et
633 3442 792 3502 Bibliotheca,
812 3445 836 3493 iu
853 3462 924 3510 quam
943 3463 990 3495 non

490 3516 578 3566 audent
600 3518 680 3566 venire
702 3518 805 3568 Nasonis
827 3520 915 3569 libelli:
937 3520 991 3571 vide

489 3591 560 3639 Trist.
570 3591 612 3640 lib.
619 3591 655 3640 iii.
668 3591 705 3641 El.
715 3594 732 3640 i.
743 3601 768 3641 et
779 3592 845 3642 albi.
870 3595 959 3643 Bonna.

524 3669 561 3716 12.
582 3668 656 3731 Qua]
685 3667 746 3717 Ubi:
770 3669 843 3734 idque
862 3671 991 3734 elegantis·

489 3741 547 3790 sisne
557 3742 645 3791 dieitur
655 3742 686 3791 de
696 3751 760 3792 statu
771 3743 796 3791 in
807 3744 865 3793 loeo.
894 3747 966 3795 Cion.

523 3817 561 3863 13.
581 3816 644 3869 Quid
660 3818 775 3881 aminon]
801 3818 840 3867 Its
855 3828 880 3868 et
895 3820 992 3870 Graecos

488 3889 567 3938 dicere
583 3889 673 3940 rideri
686 3893 739 3947 τοῦ,
752 3889 825 3947 δαιτὶ,
836 3895 923 3941 Sextus
935 3896 990 3943 Em·

489 3963 532 4029 pir.
555 3963 636 4021 tradit,
658 3963 736 4013 lib.i.
759 3965 844 4029 Pyrrh.
864 3967 988 4034 Hypotyp.

489 4052 541 4102 cap.
569 4038 606 4087 19.
633 4037 674 4086 ubi
701 4037 818 4087 videndus
843 4047 879 4088 est
906 4041 989 4090 Fabri·

489 4129 550 4161 eius.

522 4188 561 4235 15.
576 4186 684 4241 Quamvis
697 4204 743 4235 nost
761 4189 790 4235 sit
806 4189 941 4236 miserabilis
952 4191 989 4237 in·

488 4259 552 4324 den]
573 4261 681 4314 Quamvis
697 4277 743 4308 neo
757 4270 788 4309 est
805 4259 913 4325 plerique
923 4270 989 4312 vete·

376 4382 379 4388 Δ
489 4352 540 4384 res:
563 4350 632 4384 versu
650 4334 764 4401 proximo,
783 4350 825 4401 pro
846 4336 886 4383 boe
907 4334 988 4385 malim

488 4411 532 4466 bic,
538 4410 558 4458 si
570 4425 612 4475 per
623 4409 733 4474 antiquos
743 4410 816 4458 liceat
826 4409 928 4458 codices.
947 4411 987 4459 Iu-

487 4483 568 4533 venies
584 4483 621 4532 bis
639 4483 664 4532 iu
682 4483 749 4532 libris
764 4500 811 4532 non
828 4484 907 4532 minus
922 4483 988 4533 triste

487 4556 538 4612 illo,
550 4557 613 4622 quod
620 4558 671 4622 jam
684 4567 739 4607 ante
749 4557 814 4607 dedi.
839 4558 929 4607 Huius.

524 4632 558 4676 ln.
573 4630 638 4684 Quod
653 4640 707 4680 oute
724 4632 798 4687 decli]
818 4632 958 4683 Metauhora
974 4649 989 4683 a

1073 3298 1138 3346 Folia
1156 3302 1386 3360 innumeramque
1402 3314 1451 3346 sam
1460 3315 1470 3357 ς
1485 3314 1536 3360 pro·

1106 3374 1328 3438 lemqoegemellum‚

1075 3446 1177 3511 Pignore
1190 3446 1280 3495 lasciua
1289 3445 1445 3510 binafuoeute
1455 3447 1515 3493 dedi.

1076 3521 1114 3567 17.
1132 3520 1207 3568 liebus
1224 3519 1305 3582 iden]
1325 3518 1415 3567 Eadem
1434 3527 1471 3567 est
1487 3532 1536 3566 ma·

1041 3594 1101 3643 teria
1115 3594 1185 3659 hujus
1199 3593 1286 3659 operis,
1297 3609 1351 3658 qua
1367 3602 1404 3641 est
1417 3593 1448 3642 de
1457 3592 1538 3641 Tristi·

1040 3669 1094 3717 bus.
1133 3668 1211 3716 Teuta
1231 3668 1320 3734 differt.
1345 3667 1432 3716 Differt
1453 3666 1539 3716 isdioe.

1044 3742 1074 3790 Et
1090 3745 1182 3804 epistola
1196 3745 1236 3791 eni
1249 3746 1288 3791 sit.
1307 3741 1395 3790 Differt
1407 3741 1479 3791 etiam
1494 3740 1538 3789 hot

1041 3832 1100 3881 opas
1116 3817 1147 3864 ab
1162 3831 1191 3865 eo
1205 3815 1236 3863 de
1252 3814 1376 3872 Tristibus,
1387 3815 1500 3881 qnoniam
1514 3813 1538 3863 iu

1041 3890 1094 3947 boc,
1106 3890 1138 3939 ad
1154 3905 1226 3954 quem
1240 3890 1329 3956 scripta
1345 3889 1375 3938 sit
1391 3889 1498 3955 epistola,
1508 3889 1538 3936 ti·

1041 3965 1105 4014 tulus
1119 3964 1204 4013 docet:
1222 3964 1246 4013 id
1257 3979 1311 4013 vero
1326 3964 1350 4012 iu
1362 3979 1433 4030 opens
1443 3963 1474 4012 de
1488 3962 1539 4011 Tri·

1039 4038 1116 4087 stibus
1125 4036 1289 4104 supprimitur.

1075 4113 1112 4161 19.
1132 4112 1181 4162 Noe
1198 4128 1235 4161 ves
1251 4113 1292 4161 boc
1308 4111 1401 4176 onitu]
1427 4111 1481 4160 Neo
1497 4125 1537 4159 vos

1040 4185 1112 4234 vultis
1133 4194 1212 4235 vestra
1236 4186 1334 4235 nomina
1357 4186 1381 4235 ia
1402 4184 1447 4233 boc
1468 4198 1537 4250 opere

1039 4259 1103 4325 poni,
1115 4270 1210 4327 propter
1220 4259 1324 4325 Augusti
1332 4267 1432 4308 metum.

1071 4336 1113 4382 22.
1122 4335 1222 4383 Seroutis
1232 4335 1339 4400 legibus]
1353 4334 1408 4382 Nou
1414 4334 1537 4383 scribendo

1039 4406 1143 4456 lasciva:
1161 4407 1187 4457 id
1204 4424 1235 4457 ne
1254 4408 1365 4464 lacerem,
1377 4408 1471 4473 legibus
1483 4423 1536 4457 esu·

1039 4491 1089 4531 tum
1101 4483 1155 4532 fuit.

1071 4559 1112 4607 2³.
1130 4558 1248 4607 Antonius
1268 4567 1340 4607 antea
1360 4557 1406 4607 tuit
1422 4556 1538 4606 Triumvir

1039 4648 1093 4681 cum
1110 4632 1228 4696 Augusto,
1246 4631 1301 4681 dein
1320 4629 1450 4682 acerrimus
1470 4630 1537 4695 hujus
