3609 5967
434 764 504 831 nx
529 761 894 830 eburonum.
920 764 1066 833 nersr.
1092 768 1121 832 r.
1237 720 1302 833 lsr

250 936 285 1009 Ο
305 936 455 1035 quoties
472 960 547 1035 ego
562 962 647 1014 sum
664 938 770 1013 libris
788 938 879 1011 mihi
895 940 999 1013 visus
1017 938 1055 1013 in
1073 939 1155 1013 istis

300 1051 459 1154 Impius,
479 1053 517 1127 in
536 1054 640 1128 nullo
658 1055 762 1152 quod
779 1054 948 1151 legerere
966 1054 1071 1127 loeo!
1255 1061 1302 1129 10

249 1165 284 1240 Ο
304 1170 466 1267 quoties,
485 1170 587 1245 alind
604 1166 741 1247 vellem
759 1192 878 1267 quum
897 1170 1076 1257 scribere,
1095 1196 1234 1247 nomen

300 1284 464 1362 Rettulit
481 1288 520 1386 in
537 1312 645 1362 ceras
663 1287 782 1362 inscia
800 1286 937 1361 dextra
952 1287 1082 1361 tuum!

250 1400 339 1500 lpse
356 1404 449 1478 mihi
466 1404 611 1503 placuit
627 1403 775 1479 mendis
792 1402 832 1477 in
850 1402 991 1477 talibus
1010 1425 1123 1490 error,

299 1516 352 1591 Et
368 1518 433 1592 vix'
451 1520 568 1594 invita
583 1519 685 1595 factu
701 1519 814 1593 litura
830 1540 945 1594 manu
963 1530 1036 1593 est.

249 1631 397 1707 Viderit
414 1636 462 1709 ad
477 1659 680 1722 summum,
699 1634 792 1722 dixi,
812 1633 902 1709 licet
920 1632 1002 1731 ipse
1021 1646 1222 1732 queratur;
1256 1640 1301 1709 15

299 1746 410 1824 Hanc
428 1752 548 1849 pudet
564 1750 748 1825 offensam
766 1773 841 1851 nun
860 1748 1044 1823 meruisse
1062 1750 1186 1848 prius!

249 1862 311 1939 Da
330 1865 434 1954 mibi,
453 1865 598 1964 siquid
621 1889 668 1940 ea
690 1875 763 1953 est,
782 1864 1028 1940 hebetantem
1053 1875 1209 1965 pectora
1230 1864 1301 1941 Le-

301 1980 454 2055 Oblitus
473 1993 604 2082 potero
622 2004 699 2055 non
716 1990 845 2055 tamen
862 2002 948 2055 esse
967 1980 1035 2054 tui.
1169 1985 1299 2080 [then;

171 2150 173 2156 -
249 2094 371 2194 quue
389 2098 490 2173 sinas
508 2123 595 2189 0r0;
618 2122 689 2172 nec
707 2096 877 2171 fastidita
894 2097 1056 2197 repellas
1339 2182 1343 2187 ,

298 2214 445 2304 Verba3
467 2238 539 2289 nec
556 2214 679 2288 officio
697 2214 839 2288 crimen
858 2210 987 2290 inesse
1002 2225 1127 2313 putes.
1252 2221 1303 2289 20

249 2328 300 2404 Et
316 2331 408 2406 levis
427 2333 509 2405 binc
527 2331 671 2405 meritis
688 2329 873 2405 referatur
891 2331 1015 2427 gratia
1031 2330 1171 2405 tantis:

298 2447 367 2521 Sin
385 2447 522 2535 minus,
540 2447 657 2524 invito
675 2458 714 2521 te
732 2470 888 2546 quoqne
907 2457 1039 2543 gratus
1057 2470 1134 2521 ero.

249 2562 456 2661 Nunquam
474 2564 583 2662 pigra
597 2563 668 2637 fuit
684 2565 822 2638 nostris
840 2574 909 2637 tua
926 2564 1048 2659 gratia
1065 2563 1191 2649 rebus,

299 2678 336 2751 N
339 2704 382 2754 ec
402 2679 493 2753 mihi
511 2679 708 2754 munificas
726 2704 814 2755 arca
831 2680 983 2777 negavit
1001 2702 1107 2778 opes.

249 2794 361 2869 Nunc
381 2820 534 2895 quoque
551 2796 605 2869 nil
623 2796 759 2871 subitis
778 2797 981 2872 clementia
998 2797 1130 2872 territa
1147 2794 1234 2871 fatis
1251 2800 1304 2869 25

298 2911 493 2985 Auxilium
509 2912 596 2989 vitae
614 2911 775 3011 fertque,
794 2912 968 3013 feretque
986 2938 1093 2989 meae.

252 3029 373 3117 Unde,
393 3054 502 3126 roges
520 3028 658 3117 forsan,
676 3030 818 3105 fiducia
833 3040 942 3105 tanta
959 3029 1074 3103 futuri

298 3145 358 3220 Sit
375 3144 492 3219 mibi?
520 3146 622 3244 quud
641 3144 742 3233 fecit,
762 3144 928 3245 quisque
946 3155 1076 3219 tuetur
1093 3167 1203 3241 opus.
1295 3193 1299 3199 ·

249 3262 303 3337 Ut
320 3261 450 3337 Venus
468 3262 621 3337 artificis
637 3263 744 3337 labor
757 3271 816 3337 est
830 3273 870 3337 et
887 3261 1006 3359 gloria
1024 3260 1109 3347 Coi,

297 3378 486 3477 AEquoreu
497 3381 668 3455 madidas
683 3404 769 3479 quae
785 3378 923 3479 premit
934 3378 1054 3452 imbre
1069 3398 1220 3450 eomas:
1250 3378 1302 3449 30

251 3764 256 3773 ,
279 3711 305 3759 9.
318 3709 348 3759 ln
359 3712 409 3760 istis
422 3712 506 3777 litun]
524 3711 554 3762 In
568 3712 613 3763 buc
626 3712 658 3763 de
672 3714 749 3763 Portu
800 3712 902 3779 quisque
921 3726 982 3776 opus
998 3709 1063 3775 qnod
1079 3706 1144 3765 fecit,
1159 3706 1221 3757 tueri
1234 3708 1302 3757 solet.

247 3801 327 3851 opere.
633 3796 636 3809 ·
800 3790 862 3846 Qum
876 3784 974 3851 quidem
990 3783 1110 3833 senmntie
1126 3780 1158 3831 de
1168 3781 1303 3833 Aristotelis

282 3861 320 3908 10.
333 3859 362 3908 ln
373 3862 441 3909 nullu
452 3860 519 3923 taes]
533 3859 563 3909 In
574 3860 642 3909 nullu
652 3860 750 3926 pagins.
800 3861 887 3910 Etbicn
897 3858 1006 3908 sumitur.

283 3935 321 3982 12.
333 3934 457 3998 Rettulit]
471 3934 562 3985 Posuit.
590 3934 749 3985 Iueerm.1n
831 3932 984 3995 29.Arrrfleir
992 3928 1299 3997 Gni.]Apellie‚Cuipietu

248 4008 342 4058 tabulas
352 4016 456 4059 ceratas.
799 4004 1000 4057 n'sceleberrimi.
1096 4030 1103 4039 ·

279 4083 321 4129 2³.
341 4081 469 4145 Nunquam
488 4084 558 4147 pigra
577 4082 656 4149 suit]
679 4082 749 4132 Nun·
832 4084 872 4131 ³0.
892 4079 949 4134 θυι
964 4080 1047 4141 premit
1065 4076 1162 4140 curruu]
1182 4078 1244 4135 Qum
1260 4092 1301 4125 ee-

248 4170 321 4219 qnsm
337 4154 422 4205 detuit.
456 4156 548 4207 Nostris
561 4160 636 4208 rebus.
659 4156 689 4205 ln
707 4172 750 4206 nu·
799 4156 870 4223 pillos
890 4168 998 4220 premere
1016 4149 1151 4208 videbatur,
1170 4158 1196 4199 et
1215 4162 1302 4214 equum

246 4229 501 4280 erisneoesnuubm.
800 4228 942 4295 exprimere.
984 4226 1094 4274 Marium
1111 4227 1189 4272 imbre.
1213 4222 1302 4271 Mede·

236 4347 241 4355 .
278 4306 319 4353 27.
331 4304 441 4368 nurum]
451 4304 546 4354 Futnoe
557 4305 609 4372 opis
619 4312 677 4361 tute,
689 4304 747 4370 quia
798 4302 874 4351 fectus
893 4299 994 4367 eupillo·
1019 4312 1084 4362 eque
1104 4294 1215 4360 equoris,
1236 4293 1302 4345 mule

246 4374 521 4444 nunqusmmefefellit.
798 4376 925 4427 ridebatur
945 4386 1077 4436 emergere.
1113 4370 1136 4417 E
1155 4368 1215 4417 meri
1237 4368 1301 4417 euim

279 4454 320 4501 28.
330 4454 575 4519 Quodfinritqulnpue
585 4452 685 4517 remen]
696 4452 746 4501 ne·
796 4458 877 4499 netum
889 4450 1007 4498 Venerem
1023 4443 1163 4494 suumn:
1178 4449 1265 4508 poete,
1276 4452 1302 4492 et

243 4526 347 4593 spondet
357 4534 429 4591 poete
442 4542 469 4576 re
481 4526 507 4576 in
521 4542 550 4575 eu
560 4524 615 4575 ideo
625 4540 693 4591 rpem
703 4525 745 4575 bs·
797 4520 851 4573 ideo
865 4536 919 4571 erm
934 4517 1027 4569 Plinius
1038 4520 1217 4583 Amymonen
1228 4531 1300 4567 voet-

244 4602 311 4659 bere,
324 4600 382 4666 quit
394 4608 431 4651 eet
446 4616 507 4669 opus
523 4600 613 4669 ipsius:
630 4610 656 4650 et
673 4614 746 4651 nuru⁴
796 4606 845 4647 tem
857 4596 931 4647 fuisse
941 4592 1032 4643 scribit.

278 4674 355 4725 VOL
367 4674 402 4727 11.
889 4669 928 4719 11
