3609 5967
469 722 704 831 rnrsrruss
726 760 819 829 ma.
844 760 895 829 11.
918 762 990 829 ns.
1012 764 1179 834 suros.
1287 772 1352 843 ras

297 934 415 1011 Nulla
429 936 586 1034 quidem
602 958 696 1013 sano
713 935 861 1032 gravior
877 937 1095 1037 mentisque
1112 942 1257 1039 potenti

299 1104 307 1129 .
342 1050 464 1127 Poena
478 1062 549 1140 est,
568 1076 685 1150 quam
701 1061 808 1125 tanto
825 1050 1066 1149 displicuisse
1084 1054 1175 1129 viro.
1272 1062 1344 1154 140

296 1168 375 1243 Sed
392 1169 491 1243 solet
506 1167 697 1243 interdum
714 1166 794 1241 fieri
812 1166 1001 1265 placabile
1019 1192 1179 1245 numen:

344 1282 459 1359 Nube
476 1284 574 1359 solet
590 1285 703 1384 pulsa
718 1284 904 1359 candidus
923 1284 977 1359 ire
994 1283 1089 1361 dies.

293 1395 382 1472 Vidi
399 1423 471 1496 ego
488 1399 702 1499 pampineis
716 1409 915 1474 oneratam
932 1398 1071 1475 vitibus
1090 1400 1246 1490 ulmum,

344 1505 441 1600 Quia
458 1515 581 1592 fuerat
597 1540 699 1591 saevo
714 1516 872 1592 fulmine
888 1526 994 1591 tacta
1008 1514 1127 1591 Jovis.

293 1628 385 1729 lpse
401 1632 493 1706 licet
509 1655 662 1730 sperare
678 1641 798 1719 vetes,
817 1630 1055 1731 sperabimus
1073 1656 1204 1731 aque,
1274 1638 1345 1711 145

343 1744 430 1821 Hoc
447 1772 565 1822 unum
582 1748 675 1835 fieri,
694 1757 733 1823 te
750 1748 989 1847 prohibente,
1009 1758 1147 1845 potest.

294 1861 394 1959 Spes
411 1863 504 1937 mihi
520 1886 658 1960 magna
674 1850 790 1950 subit,
809 1887 930 1961 quum
944 1872 999 1951 te,
1019 1863 1219 1955 mitissime
1242 1866 1343 1964 prin-

443 2003 557 2078 ceps;
1000 2008 1004 2015 ·

342 2092 441 2192 Spes
457 2093 561 2182 mihi,
579 2094 741 2193 respicio
758 2117 878 2191 quum
895 2100 983 2171 mea
998 2094 1088 2184 fata,
1108 2097 1223 2173 cadit.

289 2206 348 2285 Ac
364 2211 481 2284 veluti
498 2211 621 2286 ventis
639 2210 873 2308 agitantibus
891 2235 1058 2309 aequora,
1075 2237 1151 2287 non
1170 2224 1230 2289 est

341 2325 514 2423 AEqualis
532 2327 669 2413 rabies,
687 2326 970 2425 continuusque
987 2325 1106 2419 furor3
1272 2332 1343 2405 160

294 2440 371 2515 Sed
388 2442 501 2516 modo
518 2441 734 2529 subsidunt,
753 2441 1038 2539 intermissique
1055 2442 1251 2533 silescunt,

340 2554 507 2654 Vimque
523 2567 637 2657 putes
654 2556 739 2631 illos
756 2556 980 2655 deposuisse
999 2580 1128 2649 suam;

294 2672 359 2747 Sic
376 2673 532 2761 abeunt,
550 2674 788 2771 redeuntque
800 2673 889 2761 mei,
908 2672 1132 2771 variantque
1149 2672 1325 2764 timores;
1366 2664 1368 2671 ’

342 2786 395 2863 Et
411 2812 520 2889 spem
536 2790 714 2889 placandi
731 2790 903 2888 dantque
920 2801 1138 2887 negantque
1154 2789 1223 2864 tui.
1274 2794 1344 2865 154

289 3032 791 3101 (ntjuriscomnltisplsoet)arelegstinne,
841 3034 893 3085 dior
907 3035 1027 3085 videretnr
1040 3036 1176 3087 emendatio
1193 3038 1276 3087 Bnrrn.
1290 3054 1346 3101 pars

289 3108 354 3175 qnod
364 3110 468 3158 affines
478 3120 515 3159 est
522 3117 672 3177 perpetuum,
682 3111 792 3176 relegatio
841 3126 936 3173 qnoque,
948 3107 1001 3159 loco
1016 3117 1097 3159 tamen
1112 3125 1156 3159 suo
1166 3112 1198 3158 t'bt'
1208 3126 1254 3159 non
1265 3126 1345 3161 more-

290 3185 317 3233 dt
335 3183 367 3233 ed
389 3192 492 3249 tempus.
525 3184 580 3233 Noa
598 3186 663 3233 erest
680 3186 745 3233 dicor
762 3186 792 3233 ai
839 3198 897 3233 rem.
915 3182 1344 3240 aesewuaaisiuoedicrodeme

289 3260 390 3324 srbspr.
402 3257 481 3307 Pelet.
840 3271 942 3321 meaque
962 3256 1056 3305 lortuns
1073 3256 1164 3313 dixisti,
1183 3266 1239 3307 eunt
1260 3258 1291 3307 ab
1308 3256 1344 3308 irs

324 3334 379 3381 138.
396 3331 537 3395 Parcaque-J
555 3329 606 3379 Alii
620 3330 691 3381 codd.
701 3348 790 3394 paam·
840 3329 935 3391 slienn3
951 3336 1001 3387 sut,
1012 3330 1076 3395 quod
1091 3331 1123 3380 de
1137 3346 1176 3380 me
1189 3330 1270 3381 dixisti
1280 3331 1343 3381 adeo

289 3424 340 3471 que,
356 3415 399 3456 snt
411 3422 528 3471 paruaque
543 3405 653 3455 sollemni
669 3396 789 3471 permuta·
839 3402 934 3463 leniter,
941 3402 966 3453 in
977 3404 1084 3471 pertibus
1094 3421 1152 3455 mere
1161 3421 1224 3471 pono
1234 3404 1342 3455 fortune.

290 3481 361 3530 tione.
371 3498 394 3530 r.
407 3482 491 3529 Burin.
507 3480 538 3529 ed
554 3480 646 3530 locam
656 3496 680 3528 v.
691 3481 748 3529 505.
763 3489 789 3531 et
839 3477 954 3529 Hsnsrs.

290 3556 412 3605 Drakenb.
422 3555 453 3605 sd
463 3554 507 3605 sil.
517 3554 572 3603 Itsl.
578 3555 594 3603 i.
605 3554 662 3604 680.
670 3553 723 3603 loco
731 3558 788 3604 data
874 3552 929 3601 139.
953 3552 1080 3615 Messique
1096 3550 1207 3615 potenti]
1230 3550 1342 3621 Compoti

290 3628 371 3679 sliittr·
381 3637 424 3679 sut
434 3627 741 3693 ts'bi,scoerbadare,quod
751 3636 789 3677 eet
838 3625 937 3675 mentis:
955 3625 1023 3691 cujus
1040 3640 1108 3674 inens
1120 3624 1150 3674 de
1166 3633 1283 3691 potestate
1298 3641 1343 3675 sne

289 3703 379 3759 tulere,
389 3702 508 3769 decipere,
518 3702 565 3752 boc
579 3702 632 3751 loco
649 3702 675 3751 in
690 3718 788 3752 censum
837 3714 886 3747 non
896 3698 963 3747 exiit.

288 3776 369 3827 renue
383 3785 514 3841 nequeunt,
524 3783 551 3825 nt
560 3776 614 3841 jam
623 3776 685 3825 bene
695 3775 788 3824 monuit
872 3773 927 3823 145.
944 3774 1100 3837 sperabimus:
1116 3782 1185 3837 atque
1202 3772 1253 3821 Hoc
1268 3790 1341 3821 usura

289 3851 372 3901 Burni.
382 3847 485 3915 quivero
494 3865 579 3899 noram
589 3848 686 3915 protulit
695 3849 789 3914 conjec-
829 3846 896 3908 fieri.
914 3848 987 3912 Iege,
1005 3848 1148 3911 Sperabisrns
1160 3864 1235 3911 «φη,-
1253 3846 1339 3897 nihilo·

288 3933 381 3985 tnrsm5
398 3938 538 3989 nequevero
547 3921 650 3988 sibiipsa
660 3920 788 3973 satbiecitr
837 3920 917 3969 minus
943 3922 1105 3987 sperabimus:
1139 3928 1225 3987 prseter
1250 3936 1340 3971 rnorem

290 3998 350 4049 Pare
365 4014 450 4063 qnoque
458 3997 565 4063 fortune
583 4006 637 4045 snat
657 4005 699 4043 tna
721 3998 789 4045 certa
837 3993 919 4043 Ovidii
937 3994 962 4043 in
979 3994 1063 4045 ultimo
1074 4012 1143 4047 versu
1157 4010 1220 4044 nova
1229 3994 1340 4061 periodus

291 4072 380 4136 [nilla
389 4070 466 4128 mitia,
479 4086 518 4119 me
528 4086 580 4120 esse
593 4078 686 4119 tantum
696 4068 788 4135 relega·
835 4067 928 4135 incipit.
960 4069 1046 4119 Posset
1056 4071 1128 4120 etiam
1142 4068 1189 4135 legi
1203 4072 1339 4133 sperabimus

286 4146 422 4210 tneroeae.
447 4142 582 4208 'Enimvero
589 4143 788 4208 milri,sntiqunm
835 4158 914 4207 usque.
1048 4186 1053 4193 .

287 4218 394 4269 deoerera
409 4218 545 4275 lectionem,
556 4235 603 4267 non
617 4234 677 4283 opus
689 4233 740 4267 csse
750 4217 786 4266 ri-
869 4216 1032 4283 amanam]
1052 4216 1131 4265 Multo
1148 4214 1231 4264 lortius
1246 4212 1338 4263 dictum

288 4292 365 4342 detnn
396 4291 536 4341 Retinerem
551 4288 623 4355 igitur
632 4291 663 4339 tor·
673 4299 698 4339 et
704 4306 787 4352 parra,
834 4288 879 4339 hoc
890 4289 985 4339 videtur
995 4290 1091 4339 unicum
1102 4288 1254 4343 vocabulum,
1265 4302 1338 4351 quern

287 4364 427 4424 bemitia,
433 4365 506 4423 lenia,
515 4375 543 4414 nt
553 4364 596 4414 Sil.
602 4364 658 4413 Itsl.
669 4362 718 4413 xvi.
732 4366 787 4415 111.
834 4363 971 4413 emendatio
987 4362 1127 4418 Heinsiana,
1142 4376 1195 4425 qne
1212 4358 1284 4408 vulda
1297 4358 1337 4407 fri·

285 4456 357 4503 pareo
376 4439 402 4488 b.
415 4438 437 4488 e.
453 4437 500 4489 levi
519 4441 614 4488 aalma
633 4440 727 4495 violare,
745 4445 787 4487 aut
834 4445 888 4501 get:
918 4434 1121 4503 sVerpoortenio
1140 4440 1221 4482 tamen
1239 4440 1337 4497 recepta

287 4512 382 4579 plenius
397 4510 460 4561 idern
475 4512 518 4562 ille
535 4511 576 4561 xii.
586 4512 643 4559 42⁴.
651 4509 717 4560 canit
727 4512 788 4559 nillil
834 4513 972 4575 sperabimus
981 4527 1050 4575 apte,
1062 4516 1104 4558 aut
1113 4521 1191 4569 nsque.
1224 4504 1337 4557 lisam.

287 4588 367 4643 lenior,
374 4602 415 4635 neo
423 4587 515 4649 parcior
524 4587 573 4635 ire.
593 4582 674 4635 Antei
684 4599 787 4635 mmmc-

322 4668 399 4718 VOI.
415 4668 452 4718 ΙΙ.
924 4666 946 4714 0
