3609 5967
455 772 522 837 att
617 862 623 883 ι
748 771 789 835 Ρ.
814 768 975 836 OVIDll
999 768 1213 835 NASONIS
1253 766 1269 787 ”

457 944 685 1044 lnjicietque
702 967 856 1018 manum
874 943 1002 1018 formae
1021 943 1204 1017 damnosa
1220 954 1410 1033 senectus,
1458 951 1507 1021 35

507 1060 617 1149 Quae,
637 1061 837 1159 strepitum
855 1084 972 1158 passu
990 1084 1065 1133 non
1080 1059 1256 1148 faciente,
1274 1060 1390 1135 venit.

457 1176 662 1274 Quumque
673 1177 810 1276 aliquis
819 1176 943 1251 dicet:
966 1174 1324 1264 fuithaeclormosa3
1345 1177 1505 1264 dolebis,

508 1292 559 1366 Et
575 1292 774 1391 speculum
792 1292 957 1366 mendax
975 1315 1060 1366 esse
1077 1315 1236 1390 querere
1253 1302 1375 1367 tuum.

455 1407 632 1482 Sunttibi
639 1432 733 1507 opes
740 1407 911 1497 modicae,
920 1431 1039 1506 quum
1046 1407 1098 1482 sis
1106 1407 1330 1504 dignissima
1338 1406 1503 1505 magnis:

508 1524 628 1621 Finge
646 1525 714 1599 sed
732 1524 926 1597 immensis
944 1524 1121 1598 censibus
1138 1547 1224 1599 esse
1241 1547 1366 1623 pares.
1456 1526 1506 1594 to

458 1638 609 1740 Nempe
627 1640 694 1714 dat
711 1641 749 1714 id
767 1641 996 1737 cuicumque
1012 1640 1108 1714 libet
1125 1638 1285 1727 fortuna,
1305 1638 1504 1737 rapitque:

508 1755 594 1830 Irus
612 1768 651 1832 et
668 1767 734 1832 est·
744 1757 883 1844 subito,
904 1757 970 1853 qui
989 1756 1100 1830 modo
1119 1756 1275 1830 Croesus
1293 1765 1387 1829 erat.

457 1870 619 1970 Singula
636 1872 730 1971 quid
746 1873 933 1948 referam?
959 1872 1012 1945 nil
1031 1896 1107 1946 non
1125 1871 1284 1946 mortale
1300 1880 1488 1954 tenemus,

508 1987 680 2064 Pectoris
697 1991 870 2088 exceptis
888 1989 1107 2086 ingeniique
1125 1988 1247 2064 lionis.

459 2104 518 2178 En
536 2130 621 2203 ego,
637 2128 755 2204 quum
773 2105 896 2205 patria
911 2129 1074 2193 caream,
1088 2107 1284 2202 vobisque,
1303 2105 1505 2200 domoque,

509 2221 713 2320 Raptaque
730 2223 818 2310 sint,
838 2222 953 2296 adimi
972 2245 1057 2320 quoe
1076 2232 1245 2321 potuere,
1265 2222 1378 2309 mihi;
1457 2219 1505 2290 46

458 2336 617 2434 Ingenio
634 2349 763 2413 tamen
781 2339 863 2437 ipse
881 2362 966 2414 meo
980 2332 1220 2438 'comitorque
1237 2339 1436 2436 fruorque:

509 2452 640 2528 Caesar
657 2454 696 2529 in
714 2455 786 2528 hoc
804 2457 929 2554 potuit
941 2455 1038 2553 juris
1056 2456 1196 2530 habere
1214 2455 1321 2529 nihil.

459 2567 744 2652 Quilibethanc
764 2596 863 2645 saevo
880 2573 997 2646 vitam
1014 2573 1106 2647 mihi
1122 2572 1229 2647 finiat
1245 2595 1348 2659 ense,

507 2684 576 2758 Me
593 2697 721 2760 tamen
739 2686 930 2763 exstincto
948 2689 1048 2765 fama
1065 2700 1258 2790 superstes
1276 2689 1368 2764 erit:
1457 2691 1506 2761 50

460 2798 639 2903 Dumque
657 2804 735 2877 suis
753 2805 887 2877 victrix
906 2829 1058 2880 omnem
1075 2806 1123 2880 de
1141 2807 1333 2881 montibus
1351 2806 1480 2879 orbem

508 2914 722 3018 Prospiciet
738 2920 925 2995 domitum
943 2920 1086 2996 Martia
1104 2921 1239 3010 Roma,
1259 2922 1375 3019 legar.

457 3029 515 3105 Tu
534 3059 700 3134 quoque,
720 3061 836 3134 quam
854 3039 969 3112 studii
988 3051 1140 3114 maneat
1156 3039 1300 3113 felicior
1316 3062 1421 3127 usus,

507 3148 645 3248 Effuge
661 3162 852 3240 venturos,
872 3178 950 3251 qua
966 3165 1089 3254 potes,
1108 3179 1231 3252 usque
1249 3179 1372 3252 rogos.

489 3359 529 3407 35.
542 3357 635 3422 lrp'iciet
641 3363 831 3429 manufortem]
849 3364 958 3415 Formam
1009 3373 1057 3414 tato
1068 3381 1119 3422 sua,
1131 3365 1156 3414 in
1166 3364 1244 3413 medio
1255 3363 1402 3414 miseriarum
1412 3381 1507 3414 suarum

455 3429 501 3479 sibi
512 3430 651 3491 vindicabit,
662 3444 687 3484 et
697 3444 790 3504 turpem
802 3437 893 3487 reddet.
1008 3440 1149 3489 consolatur.
1181 3441 1262 3489 Posr.

489 3506 531 3553 ³6.
557 3506 674 3557 Damnum
696 3512 818 3575 πωπω]
842 3513 958 3562 Senectus
1040 3515 1081 3562 tr.
1097 3514 1217 3580 Compara
1227 3512 1427 3578 elegantissimam
1435 3512 1508 3578 ρησιν

456 3594 510 3643 que
528 3579 629 3645 juvenes
649 3581 737 3632 damno
755 3584 845 3633 adficit·
883 3586 958 3635 Pauo
1008 3588 1072 3654 apud
1084 3589 1189 3655 Propert.
1204 3588 1238 3638 iii.
1249 3588 1266 3637 i.
1276 3590 1383 3639 55-64.
1396 3598 1420 3637 at
1436 3604 1507 3653 supra

456 3654 611 3719 mussolento
623 3659 752 3720 strepitum.
785 3658 815 3707 Id
826 3669 871 3718 est,
881 3660 957 3725 grado
1008 3662 1042 3711 iii.
1052 3664 1078 3711 3.
1089 3662 1129 3712 78.
1140 3663 1234 3712 comitor
1244 3663 1269 3711 lr.
1279 3664 1296 3712 l.
1307 3661 1409 3728 passive,
1420 3662 1507 3729 ἀρχαῖ-

456 3740 498 3808 qur
510 3743 557 3776 non
570 3729 680 3778 sentitur.
712 3732 813 3798 Obrepit
829 3733 893 3782 euim
910 3750 957 3783 nou
1008 3739 1065 3794 κῶς.
1085 3753 1108 3784 v.
1129 3737 1298 3802 lauremberg.
1321 3736 1439 3801 antiquar.
1461 3738 1506 3785 sub

455 3800 577 3849 intellecta
588 3811 706 3852 senectus.
1007 3809 1034 3857 h.
1052 3827 1075 3859 v.
1107 3810 1147 3861 Sic
1163 3815 1280 3861 comitavit
1299 3812 1330 3861 de
1348 3810 1418 3862 Pont·
1434 3812 1505 3861 titt.

488 3873 531 3921 tt.
553 3874 600 3924 Ed.
617 3885 666 3925 ret.
687 3876 772 3939 Nempe
788 3880 829 3927 dot
847 3889 870 3928 ct
886 3884 957 3943 quod·
1006 3885 1047 3933 ³3.
1059 3893 1084 3934 et
1099 3885 1166 3934 alibi.
1180 3887 1243 3935 conl.
1254 3886 1371 3952 lleusiug.
1385 3896 1417 3936 att
1428 3885 1507 3935 Vech·

455 3963 558 4030 commu,
589 3949 625 3998 Er
644 3966 692 3998 uno
708 3951 820 4007 Medicto
837 3955 957 4020 rescripsit
1006 3958 1323 4027 nerillelleuol.psg.116.
1357 3961 1470 4010 Hiatus.

456 4020 541 4069 Herus.
552 4024 685 4087 meumque
693 4039 721 4073 sc
732 4024 785 4074 loco
796 4037 818 4074 ct
829 4028 956 4078 rescribere
1038 4034 1079 4082 53.
1105 4033 1180 4089 Quam
1206 4037 1278 4083 sordis·
1296 4047 1393 4083 mosot
1410 4035 1507 4101 felicior

452 4094 535 4160 iubet:
554 4096 692 4147 lamentat,
725 4098 872 4152 Irumfuisse
888 4119 955 4151 meu·
1005 4106 1082 4171 ma]
1101 4108 1162 4166 Qua
1181 4108 1271 4157 habeas
1287 4108 1416 4158 feliciorem
1434 4109 1504 4157 tortu-

452 4167 544 4253 ilicum,
554 4177 579 4219 et
590 4171 709 4229 Croesuur,
719 4189 801 4239 regem
815 4176 906 4241 Lydia,
919 4176 956 4225 di·
1007 4174 1062 4229 nam
1071 4197 1100 4231 ex
1112 4181 1197 4231 studiis
1209 4182 1315 4249 poeticis,
1323 4199 1396 4249 qnam
1407 4200 1452 4250 ego
1463 4184 1504 4233 ha·

455 4249 580 4301 trssrmum,
605 4243 667 4294 inter
690 4261 772 4296 omnes
799 4259 910 4299 constat..
924 4251 957 4300 cl.
1007 4254 1057 4303 bui.

456 4314 695 4382 promeritam.
731 4321 845 4372 litatus·
1039 4331 1079 4378 54.
1092 4330 1145 4384 Quo
1153 4332 1237 4396 potes]
1258 4331 1332 4387 Quom
1343 4338 1509 4383 octoveteros.

468 4463 472 4473 ι
489 4392 529 4441 45.
548 4392 664 4460 En'ego.]
683 4395 757 4445 Tollit
771 4397 890 4447 interdurn
905 4398 954 4466 spi·
1007 4402 1089 4453 Codex
1101 4405 1134 4461 Α,
1145 4422 1232 4468 quum
1249 4405 1324 4455 codex
1337 4407 1367 4463 Β,
1377 4423 1439 4471 quos.

456 4472 514 4513 ntus
526 4476 604 4531 poeta.
616 4478 639 4518 et
655 4485 680 4519 se
697 4469 738 4528 ita,
749 4478 844 4537 sperata
861 4471 954 4523 aterni-
