3609 5967
481 744 548 811 4⁷0
778 742 817 811 Ρ.
841 741 1004 813 ovum
1029 740 1243 849 NASONIS

483 918 539 993 Te
557 918 629 992 nisi
644 916 845 993 momentis
861 917 973 993 video
990 940 1099 1016 paene
1116 916 1294 991 omnibus
1311 919 1468 1021 absens:

487 1084 490 1093 ·
537 1034 670 1109 Gratia
688 1031 770 1121 Dis,
790 1032 907 1107 menti
925 1032 1099 1130 quolibet
1116 1031 1171 1107 ire
1188 1032 1291 1109 licet.

486 1146 570 1223 Hac
589 1148 654 1223 ubi
672 1148 839 1248 perveni,
857 1146 951 1221 nulli
967 1147 1195 1234 cernendus,
1215 1148 1254 1221 in
1272 1149 1417 1235 urbem,

535 1264 649 1365 Saepe
666 1266 801 1362 loquor
817 1274 957 1351 tecum,
976 1287 1080 1363 saepe
1096 1264 1277 1361 loquente
1294 1265 1407 1341 fruor.
1485 1269 1537 1338 50

485 1378 595 1468 Tum,
623 1380 716 1455 mihi
747 1380 899 1455 difficile
926 1389 999 1467 est,
1028 1404 1144 1477 quam
1170 1382 1221 1455 sit
1246 1382 1357 1469 bene,
1384 1382 1533 1469 dicere3

537 1495 712 1571 Candida
724 1494 878 1594 judiciis
896 1495 989 1573 hora
1005 1494 1055 1568 sit
1072 1494 1137 1570 illa
1153 1496 1260 1572 meis.
1325 1496 1534 1595 [quamque

485 1608 583 1685 Tum
600 1635 673 1698 me,
693 1610 725 1685 si
743 1634 821 1710 qua
837 1609 946 1697 fides,
963 1609 1110 1684 coelesti
1128 1611 1219 1684 sede
1238 1623 1445 1711 receptum,

536 1726 635 1802 Cum
652 1725 853 1808 fortunatis
871 1724 1044 1823 suspicor
1060 1747 1146 1799 esse
1165 1723 1273 1800 Deis.

486 1839 646 1931 Rursus,
660 1853 704 1923 ut
715 1843 789 1927 huc
805 1842 913 1929 redii,
924 1842 1064 1918 coelum
1080 1841 1325 1940 Superosque
1337 1842 1529 1940 relinquo;

535 1958 570 2032 A
590 1959 712 2057 Styge
729 1984 799 2035 nee
816 1959 929 2056 longe
947 1957 1109 2037 Pontica
1124 1957 1242 2035 distat
1259 1959 1409 2033 humus.
1483 1962 1531 2031 56

488 2074 600 2149 Unde
618 2100 691 2172 ego
707 2075 740 2150 si
757 2073 835 2161 fato
852 2074 950 2153 nitor
967 2074 1192 2174 prohibente
1210 2075 1359 2163 reverti,

537 2191 654 2291 Spem
671 2190 754 2267 siue
772 2190 957 2291 profeotu,
976 2188 1161 2279 Maxime,
1179 2190 1269 2269 tolle
1286 2188 1392 2263 mihi.

812 2676 1118 2753 EPISTOLA
1145 2678 1215 2754 vl.

760 2878 1029 2949 Arrlcouuu
1055 2880 1261 2948 GUIDAM.

488 3036 523 3111 N
530 3060 607 3109 rso
626 3058 708 3121 suo,
728 3057 866 3109 nomen
883 3033 1011 3133 posuit
1027 3034 1090 3108 cui
1108 3058 1229 3133 prens,
1249 3036 1368 3112 sodali
1448 3107 1452 3115 .

537 3150 659 3227 Mittit
675 3151 724 3225 ab
743 3148 904 3225 Euxinis
921 3150 995 3223 hoo
1012 3150 1125 3225 breve
1142 3173 1294 3225 carmen
1312 3152 1432 3249 aquis.

486 3265 550 3355 At,
565 3268 597 3341 si
614 3275 727 3341 cauta
743 3288 877 3365 parum
892 3264 1109 3364 scripsisset
1125 3266 1275 3354 dextra,
1294 3266 1381 3366 quis
1398 3292 1518 3356 esses,

538 3382 711 3457 Forsitan
727 3382 850 3457 officio
867 3390 978 3481 parta
993 3381 1151 3478 querela
1166 3380 1276 3461 soret.
1381 3463 1385 3467 ,

487 3682 544 3733 bero
558 3680 629 3747 jubet
644 3678 766 3738 Heinsius,
783 3688 810 3729 ut
827 3695 899 3747 supra
914 3678 987 3735 Trist.
1069 3681 1111 3730 56.
1123 3678 1390 3745 Astyge.]Abinfsris.
1406 3680 1460 3728 Non
1470 3682 1537 3745 tango

487 3754 533 3803 IV.
544 3752 578 3803 iii.
592 3756 634 3804 ⁴1.
650 3770 720 3817 prope
736 3764 758 3803 ts
774 3754 889 3820 corrigere
903 3755 988 3805 voluit.
1031 3757 1115 3827 dictor.
1144 3756 1201 3803 Nou
1222 3762 1259 3803 est
1283 3753 1385 3803 multum
1404 3752 1537 3801 dissimilis.

488 3827 988 3893 Equidemnondumeonvictussum.Sens.
1026 3829 1114 3889 'Quasi
1130 3828 1210 3877 diest:
1229 3828 1319 3881 Vrdeor
1335 3826 1367 3879 sd
1383 3826 1469 3876 infero·
1480 3842 1536 3892 per—

488 3902 600 3967 poena‚si
611 3902 756 3966 pejerasse,
764 3916 837 3966 quum
848 3902 918 3951 facile
928 3902 988 3951 mihi
1036 3902 1139 3957 reniae·

487 3971 566 4023 inferri
588 3972 700 4038 potuerit,
720 3971 796 4023 vides.
828 3975 903 4037 Prope
923 3975 987 4024 enim
1069 3978 1111 4027 57.
1134 3976 1220 4040 Unda-J
1240 3977 1263 4024 A
1283 3992 1332 4041 qus
1347 3984 1411 4026 tem
1427 3973 1538 4025 Ponticu-

488 4046 624 4097 adverbium
641 4054 686 4105 est,
703 4047 772 4112 quasi
789 4064 831 4113 pro
845 4051 947 4112 pedibus,
963 4058 988 4099 et
1039 4050 1065 4099 Si
1078 4054 1140 4101 nitor
1151 4054 1245 4101 reuerti.
1260 4050 1286 4099 Si
1299 4066 1371 4100 conor
1382 4052 1486 4099 Romam
1498 4066 1536 4097 re·

489 4120 605 4187 accipitur
615 4137 657 4187 pro
659 4121 716 4187 fere
726 4130 768 4171 sut
776 4126 884 4185 prosim
903 4125 989 4174 Hiar..
1039 4125 1098 4175 dire.
1116 4125 1318 4190 Fatoproiribmte.
1332 4123 1537 4173 Diisuolentibru.

522 4198 562 4247 49.
569 4196 639 4245 Hanc
647 4198 688 4245 ubi
695 4196 809 4260 perveni]
818 4197 871 4246 Hoc
878 4214 907 4246 ex
914 4198 989 4264 scrip·
1071 4202 1114 4254 58,
1128 4200 1191 4249 Tolle
1203 4217 1263 4263 span
1278 4199 1355 4263 mut]
1373 4198 1461 4248 Adime
1475 4198 1537 4245 hauc

489 4270 520 4320 tis
530 4270 665 4324 nonnullis:
675 4278 754 4321 mente
764 4271 883 4321 nimirum.
1033 4272 1098 4323 ‘mihi
1110 4290 1181 4343 ,rpem
1196 4274 1321 4331 redeundi,
1334 4271 1480 4335 ostendendo
1494 4289 1538 4338 per

522 4346 663 4395 55.Rursru
678 4348 717 4395 ubi
734 4346 779 4395 hus
796 4346 877 4410 redii]
901 4346 934 4395 Ut
944 4347 989 4395 huc
1039 4345 1121 4397 litem
1130 4348 1468 4414 nonpossefierimtredem.
1483 4348 1538 4397 Sino

489 4421 549 4468 redii
567 4435 597 4467 er
619 4419 760 4469 Combiano.
796 4420 843 4471 Ubi
863 4430 944 4471 mente
964 4427 990 4470 et
1036 4422 1151 4486 prosectu.
1173 4424 1234 4481 Qun
1255 4440 1310 4490 spes
1329 4422 1388 4471 sihi}
1404 4423 1537 4489 proiectura

489 4491 631 4556 cogitatione
642 4493 723 4543 videor
738 4493 817 4544 Roma
829 4494 854 4544 iu
865 4495 988 4561 Scythium
1038 4503 1089 4545 est:
1114 4496 1200 4545 frustra
1216 4497 1281 4545 enim
1302 4496 1405 4545 reditum
1425 4496 1537 4562 spumei

489 4564 586 4614 redisse.
614 4567 736 4632 Retinqrro.
748 4568 836 4620 Videor
847 4570 989 4636 relinquere.
1038 4570 1271 4636 nonpossumilluur
1280 4570 1402 4643 consequi.
