3609 5967
435 787 505 855 EX
530 786 692 853 ΡΟΝΤΟ
716 784 808 851 LIB.
832 784 904 850 111.
930 785 1076 852 EPIST.
1102 785 1130 851 Ι.
1243 790 1309 853 mo

181 1010 187 1019 ·
262 965 317 1039 Ut
334 965 458 1039 minus
476 962 613 1037 infesta
625 964 774 1060 Jaceam
792 958 958 1055 regione,
978 960 1128 1035 labora:
1261 966 1309 1036 85
1329 1018 1332 1028 ,

310 1080 460 1154 Clauda
476 1101 547 1153 nec
566 1076 677 1151 officii
696 1098 784 1175 pars
802 1074 874 1149 erit
890 1074 969 1148 ulla
985 1074 1053 1148 tui.

259 1195 404 1293 Magna
420 1206 522 1295 peto,
538 1196 607 1269 sed
625 1218 700 1268 non
718 1203 846 1285 tamen
864 1190 1050 1264 invidiosa
1067 1190 1235 1287 roganti:

311 1312 442 1409 thue
461 1336 507 1386 ea
523 1336 598 1385 non
615 1320 760 1396 teneas,
779 1320 864 1384 tuta
880 1308 1034 1407 repulsa
1051 1317 1206 1381 tuaest.

258 1427 295 1500 N
297 1452 342 1515 ea
359 1428 452 1501 mihi
470 1452 665 1515 succense,
682 1427 796 1501 toties
814 1427 846 1499 si
865 1426 1031 1501 carmine
1050 1434 1189 1510 nostro,
1216 1478 1217 1485 1
1239 1442 1244 1457 ·

308 1542 420 1628 Quod
439 1542 544 1630 facis,
563 1557 607 1617 ut
623 1542 753 1629 facias,
771 1552 887 1640 teque
907 1542 1066 1627 imitere,
1086 1564 1189 1637 rogo.
1260 1545 1309 1613 90

260 1659 438 1733 Fortibus
455 1657 628 1734 adsuevit
645 1659 800 1732 tubicen
817 1658 1012 1757 prodesse,
1030 1680 1175 1753 suoque

311 1774 402 1848 Dux
420 1775 518 1848 bene
535 1783 750 1871 pugnantes
768 1772 901 1847 incitat
919 1795 982 1845 ore
999 1772 1110 1845 viros.

262 1888 366 1963 Nota
380 1891 446 1963 tua
459 1899 519 1963 est
533 1889 717 1986 probitas,
730 1899 947 1985 testataque
959 1897 1110 1985 tempus
1125 1887 1164 1960 in
1174 1911 1308 1963 omne:

313 2004 372 2078 Sit
389 2006 506 2079 virtus
524 2004 640 2078 etiam
657 2027 733 2077 non
750 2004 941 2103 probitate
959 2002 1090 2075 minor.
1181 2008 1185 2021 '

261 2118 298 2191 N
300 2144 349 2192 on
359 2120 430 2192 tibi
440 2118 650 2192 Amazonia
659 2130 719 2193 est
732 2142 801 2218 pro
812 2143 874 2193 me
887 2117 1073 2191 sumenda
1090 2119 1245 2204 securis,
1263 2120 1311 2191 95

284 2308 289 2315 .
311 2234 390 2308 Aut
407 2236 538 2311 excisa
554 2234 627 2310 levi
645 2235 749 2332 pelta
766 2233 933 2331 gerenda
950 2256 1077 2307 manu.

263 2349 416 2424 Numen
435 2350 667 2425 adorandum
685 2359 766 2437 est,
787 2372 862 2422 non
880 2358 924 2421 ut
942 2346 1034 2419 mihi
1052 2346 1117 2420 fiat
1134 2346 1310 2435 amicum,

186 2469 192 2476 '
313 2465 392 2540 Sed
410 2464 461 2539 sit
478 2475 521 2538 ut
539 2465 689 2551 iratum,
709 2488 825 2560 quam
842 2462 913 2536 fuit
928 2472 1027 2549 ante,
1044 2461 1181 2535 minue.

263 2580 397 2655 Gratia
413 2582 445 2655 si
463 2582 568 2656 nulla
584 2590 655 2667 est,
675 2581 853 2679 lacrymae
870 2578 940 2652 tibi
959 2577 1086 2675 gratia.
1097 2576 1210 2653 fient:

314 2695 397 2769 Hac
416 2706 538 2794 poteo,
559 2707 624 2773 aut
640 2697 756 2784 nulla,
777 2706 886 2795 parte
904 2718 1055 2769 movere
1074 2692 1191 2767 Deos.
1243 2696 1314 2767 100

297 3001 337 3049 86.
350 3001 441 3051 claudo
452 3018 493 3050 nec
506 3000 575 3065 officit
588 3018 643 3064 porr
655 3006 699 3050 erit
713 2984 763 3051 astte
814 3017 911 3051 uxorem
931 3008 1014 3067 sponte
1031 2998 1155 3049 incitatam
1173 2997 1245 3049 etiam
1261 2998 1315 3051 hor·

264 3074 322 3138 tua]
346 3075 419 3123 Omni
436 3090 466 3124 ex
485 3084 553 3141 perte
572 3075 703 3141 perfectum
720 3076 764 3125 erit
813 3074 867 3124 tari.

264 3149 368 3197 officinm
378 3156 455 3198 tunm,
479 3201 485 3210 ⁸
847 3150 887 3198 94.
906 3149 942 3197 Sit
959 3152 1034 3197 uirtus
1051 3151 1120 3197 etiam
1140 3164 1186 3195 aaa
1204 3151 1316 3210 probitate

298 3223 338 3270 87.
350 3222 394 3275 ‚Sed
406 3241 452 3271 non
466 3232 542 3271 tamen
557 3226 668 3272 invidiosa
679 3242 764 3289 rogan-
815 3222 909 3286 aaron]
923 3222 1013 3273 Versus
1023 3220 1107 3270 merito
1115 3229 1240 3286 suspectus
1249 3222 1317 3274 miti.

266 3295 305 3358 a]
322 3294 370 3344 Sed
385 3304 466 3344 tamen
481 3296 572 3344 nullam
589 3297 633 3345 nbi
650 3297 765 3346 invidiam
816 3296 909 3345 Herus.
941 3295 1043 3344 Videtur
1061 3302 1142 3343 tamen
1161 3304 1262 3359 purgata
1277 3296 1314 3346 se·

265 3378 291 3417 et
306 3368 512 3426 detrectationem,
528 3385 571 3418 sen
588 3369 669 3419 odiam
686 3371 766 3419 eonci-
817 3369 880 3428 cilis,
918 3369 1063 3426 Probttotsm,
1074 3368 1099 3417 id
1110 3376 1233 3418 estmorae
1244 3370 1315 3419 etot·

266 3442 362 3491 lietera.
817 3444 907 3493 saetam
920 3444 1019 3504 landat3
1036 3447 1153 3503 virtutem,
1164 3444 1190 3492 rd
1203 3452 1239 3493 est
1249 3444 1315 3494 torti·

298 3517 341 3565 88.
356 3515 431 3578 thue
441 3533 467 3563 eo
475 3534 522 3565 aon
533 3517 628 3581 tensae]
645 3519 676 3566 Et
684 3534 768 3583 quam·
817 3516 929 3599 tudinem
936 3516 1085 3582 oliqnsntnm
1096 3516 1228 3565 desiderat:
1243 3518 1269 3567 id
1278 3519 1317 3569 αι’.

265 3588 302 3638 vis
319 3604 367 3638 non
385 3588 494 3638 obtineas
510 3605 565 3655 quse
578 3606 621 3655 pro
639 3607 678 3640 me
693 3600 769 3656 petes.
818 3591 927 3642 virseret
942 3592 1007 3657 quod
1020 3590 1149 3657 precessit,
1161 3601 1213 3641 tato
1226 3596 1317 3655 repulsa

151 3698 155 3705 .
267 3662 435 3725 Tasarspatsa
452 3672 495 3711 tuo
511 3676 552 3713 επ.
578 3664 604 3712 Si
617 3665 767 3729 rejicietisre
818 3676 860 3715 trra
877 3677 925 3716 est:
942 3664 1134 3731 sequentiarum
1151 3667 1256 3731 apertius
1272 3668 1320 3717 de-

266 3736 363 3793 inteeta.
378 3738 437 3787 nibil
452 3738 483 3786 ob
496 3737 522 3786 id
538 3738 582 3787 tibi
599 3738 657 3787 mali
675 3738 768 3787 contin·
817 3741 926 3803 clarsnt3
943 3740 1004 3789 illud
1021 3740 1150 3807 precipue,
1167 3740 1231 3795 Quid
1248 3746 1317 3806 trept-

269 3820 317 3874 get.
817 3817 1057 3871 dos,stodirsttmes.

294 3887 342 3935 90.
357 3884 390 3933 Ut
397 3883 548 3950 sociosquad
556 3885 646 3952 soom]
666 3888 701 3937 Ut
711 3886 769 3935 mibi
850 3888 893 3936 96.
905 3888 954 3935 Ant
970 3889 1034 3949 pelta
1048 3887 1142 3950 carba]
1161 3885 1212 3936 Aut
1224 3896 1317 3937 scutum

200 3960 206 3970 ’
268 3958 399 4024 opitulor-is,
412 3959 614 4023 quemadmodum
625 3958 692 4009 facis.
727 3959 769 4008 Ts-
819 3961 851 4011 ed
872 3962 1051 4012 similitudinem
1071 3963 1134 4011 lunae
1153 3962 1204 4027 jam
1224 3963 1318 4022 modis,

268 4050 311 4097 qus
326 4036 423 4082 sesan.
443 4034 476 4082 Et
491 4050 549 4098 rogo
564 4033 647 4091 etism,
666 4045 694 4083 ut
709 4033 770 4083 selis
820 4052 868 4102 qno
878 4037 1011 4087 Amazones
1020 4038 1158 4086 utebantur.

269 4122 347 4155 mores
363 4116 388 4157 et
405 4114 517 4156 naturam
534 4116 600 4157 tuem
615 4107 771 4173 imitarique
853 4111 895 4159 97.
906 4110 996 4159 Num
1005 4112 1148 4159 odorandum
1158 4110 1210 4174 ssa]
1220 4111 1317 4160 Perna-

268 4182 330 4230 soles
343 4188 427 4246 sponte
441 4196 535 4247 semper
548 4182 579 4232 de
589 4181 699 4231 ommbns
708 4182 770 4230 bene
820 4200 885 4242 men,
897 4185 1034 4249 Augustum
1048 4184 1163 4248 intellige.
1185 4185 1265 4233 Docet
1274 4202 1317 4234 an·

269 4254 363 4303 mereri.
820 4257 1239 4323 tem,quidabnsorefieridebeat.

301 4330 342 4377 91.
358 4329 465 4377 Fortibus
483 4330 587 4377 ademit
609 4331 700 4379 tubicen
716 4346 770 4392 pso-
852 4330 1319 4396 99.1aorymatttigrasiofisnt.]1n·

269 4403 350 4466 dm]
371 4400 580 4461 Quemadmodum
602 4402 627 4452 in
646 4403 711 4453 bello
733 4411 771 4453 tu·
809 4406 896 4472 ⁴cipius
922 4405 1034 4471 lacrymis
1064 4404 1128 4470 epod
1154 4404 1319 4470 imperatorem

270 4475 506 4527 binenosntat'ortes
516 4476 606 4527 milites
615 4477 734 4535 eeomdit,
746 4485 771 4526 et
821 4494 899 4543 egere,
918 4494 971 4544 que
988 4484 1057 4527 erant
1074 4477 1127 4526 loeo
1146 4475 1245 4541 gratim:
1263 4485 1320 4527 tunc

263 4552 348 4600 bonus
364 4551 438 4601 etiam
455 4550 583 4616 imperator
596 4552 703 4601 oratione
721 4552 771 4601 ala-
821 4552 885 4601 enim
894 4554 1004 4601 flectetur
1015 4551 1045 4599 ad
1056 4549 1248 4610 misericordiam,
1257 4559 1281 4600 et
1292 4566 1320 4601 eo
1379 4594 1382 4606 .

270 4625 467 4676 enumeretur:
485 4626 520 4685 sic
537 4626 686 4677 sediciteo
702 4625 772 4676 modo
821 4634 893 4691 paeto
903 4624 983 4675 omnia
995 4640 1048 4691 qne
1059 4624 1132 4682 voles,
1143 4624 1270 4675 obtinebis.
1382 4680 1392 4695 x
