3609 5967
431 695 455 761 6
720 696 760 761 Ρ.
784 693 947 763 OVIDII
969 696 1182 765 NASONIS

435 866 606 957 Decidit;
635 879 750 967 atque
766 871 919 958 cadens,
934 870 1060 957 Pater,
1073 871 1097 945 ὀ
1108 880 1228 968 pater,
1244 872 1402 962 auferor,
1416 876 1472 949 in·

485 984 712 1059 Clauserunt
728 985 863 1059 virides
881 1009 948 1060 ora
963 986 1152 1082 loquentis
1170 1010 1292 1084 aquae.
1360 991 1471 1087 [quit.

433 1099 486 1174 At
501 1110 609 1199 pater
626 1100 766 1188 infelix,
781 1104 862 1199 jam
879 1126 955 1175 non
970 1111 1091 1200 pater,
1110 1101 1229 1191 lcare,
1249 1104 1398 1193 clamat,

483 1214 602 1302 Icaro,
620 1217 769 1303 claruet,
788 1218 852 1291 ubi
870 1218 938 1291 esi
965 1242 1088 1314 quove
1104 1220 1175 1293 sub
1194 1243 1266 1294 axe
1282 1221 1410 1295 volasl

434 1330 552 1419 Icare,
572 1332 778 1407 clamabat:
807 1356 951 1431 pennas
969 1333 1146 1431 adspexit
1162 1335 1201 1408 in
1218 1337 1340 1411 undis.
1423 1341 1472 1411 95

483 1448 583 1523 Ossa
599 1451 693 1547 tegit
708 1450 841 1537 tellus3
870 1474 1022 1547 aequora
1038 1474 1175 1524 nomeu
1192 1452 1344 1527 habent.

359 1641 364 1647 ,
432 1563 519 1638 Non
535 1564 657 1665 potuit
673 1564 799 1638 Minos
817 1565 977 1639 hominis
995 1589 1236 1664 compescere
1253 1592 1419 1666 pennas:

482 1681 571 1780 Ipse
590 1682 713 1756 Deum
730 1683 919 1757 volucrem
935 1682 1143 1759 detinuisse
1160 1707 1263 1783 paro.

432 1796 599 1886 Fallitur,
619 1798 834 1873 Haemonias
852 1800 884 1872 si
902 1800 988 1897 quis
1005 1800 1171 1875 decurrit
1187 1802 1233 1875 ad
1252 1812 1372 1889 artes3

482 1915 645 2013 Datque,
664 1917 766 2015 quod
784 1917 939 1991 steueri
956 1916 1078 1992 fronte
1099 1918 1253 1992 revellet
1269 1912 1370 2015 equi.
1401 1921 1471 1990 100

434 2030 522 2105 Non
539 2031 688 2121 facient,
707 2044 750 2107 ut
765 2034 865 2108 vivat
882 2057 998 2123 amor,
1018 2033 1218 2108 Medeides
1235 2033 1382 2108 herbae:

481 2146 682 2246 Mixtaque
698 2174 786 2223 curn
802 2150 958 2246 magicis
976 2150 1098 2225 naenia
1116 2148 1245 2223 Marsa
1262 2150 1377 2223 souis.

431 2261 591 2338 Phasias
608 2265 824 2353 AEsoniden,
845 2266 956 2341 Circe
973 2267 1158 2341 tenuisset
1176 2266 1329 2352 Ulixen,

482 2378 524 2451 Si
541 2381 652 2455 modo
669 2382 805 2455 servari
823 2383 988 2456 carmine
1005 2383 1126 2481 possit
1143 2406 1259 2455 amor.

429 2491 467 2565 N
469 2518 512 2569 ec
529 2496 619 2570 data
633 2496 839 2594 profuerint
855 2481 1035 2596 pallentia
1051 2498 1190 2596 philtra
1205 2496 1352 2595 puellis.
1397 2503 1468 2573 105

478 2608 623 2687 Philtra
640 2623 776 2687 nocent
793 2616 947 2705 animis3
975 2614 1128 2712 vimque
1144 2613 1276 2687 suroris
1294 2613 1447 2687 habent.

430 2726 490 2800 Sit
505 2730 634 2826 procul
651 2752 762 2805 omne
780 2729 896 2805 nefas.
917 2742 959 2804 ut
975 2731 1123 2816 ameris,
1143 2730 1313 2805 amabilis
1331 2741 1434 2805 esto:

480 2840 592 2927 Quod
608 2842 677 2919 tibi
695 2870 770 2920 non
787 2846 915 2935 facies,
934 2849 1059 2923 solave
1077 2846 1196 2920 forma
1212 2846 1329 2920 dabit.

462 3123 504 3171 92.
529 3122 668 3171 cumas
691 3123 794 3187 cir-ides]
819 3124 924 3174 Imitatio
1040 3125 1310 3189 Nesisqssissolserss
1320 3123 1472 3190 Mssssfigs-

431 3194 585 3261 Propertium
592 3211 622 3245 es
633 3195 674 3245 lib.
685 3195 719 3246 iii.
731 3198 799 3263 Eleg.
809 3214 835 3247 r.
848 3200 887 3247 10.
1071 3210 1111 3248 rot
1121 3215 1188 3247 asse.

463 3270 523 3319 Cum
532 3272 666 3319 moribundo
680 3274 746 3337 niger
758 3273 874 3321 clauderet
884 3288 925 3321 ors
973 3274 1037 3323 Hinc
1050 3283 1177 3337 serpentum
1194 3274 1311 3321 mirera
1328 3271 1416 3320 Marsos
1427 3287 1470 3336 ep-

496 3344 578 3406 llqnor.
802 3346 892 3396 Boius.
974 3348 1065 3413 pellent
1077 3346 1316 3396 PliniusscGellius.
1326 3362 1414 3410 eosque
1424 3345 1471 3394 ori·

465 3417 520 3465 102.
539 3416 653 3480 lssnnqoe
671 3434 723 3466 cum
742 3421 836 3484 magieis
853 3436 926 3469 merso
974 3421 1075 3486 gincius
1087 3422 1168 3469 Marso
1176 3418 1258 3469 Circes
1269 3418 1318 3468 lilio
1328 3419 1414 3469 ducere
1423 3427 1471 3467 tes·

430 3491 607 3554 massonis]
625 3490 737 3557 Scaliger,
749 3493 862 3557 Missaque
873 3510 925 3543 eum
974 3504 1061 3554 tantur,
1077 3503 1105 3544 ut
1123 3494 1180 3544 tertis
1196 3494 1296 3558 megicsr
1315 3492 1409 3559 peritis,
1422 3507 1471 3558 qus

430 3568 524 3631 magicis
540 3568 615 3614 nenio
631 3566 710 3614 Mursa
725 3570 783 3615 meis
797 3568 924 3618 scribebat.
973 3570 1046 3634 vulgo
1061 3570 1123 3619 msle
1143 3568 1279 3626 audiebant,
1294 3568 1319 3616 in
1334 3568 1363 3617 iis
1379 3583 1470 3633 neque·

431 3638 470 3689 De
481 3656 528 3705 quo
539 3640 605 3689 alibi.
639 3641 754 3690 Gruterus
768 3658 797 3691 es
809 3643 926 3693 Palatinis
974 3658 1046 3707 qusm
1063 3642 1095 3691 sit
1109 3640 1224 3691 mirande.
1257 3642 1352 3690 Mersus
1366 3642 1398 3689 ob
1414 3640 1471 3689 srtis

431 3715 512 3763 Morsu
523 3715 744 3764 mmoascribehst.
762 3716 832 3765 Dsrr.
843 3716 924 3767 Hsrn·
973 3715 1137 3780 cogmtionmn
1154 3730 1210 3764 cum
1230 3714 1319 3779 Psyllis
1337 3715 1473 3779 frequenter

428 3804 490 3839 suus.
525 3789 605 3838 Marsa
620 3788 747 3853 legendum
760 3791 853 3842 omuino
869 3808 925 3841 cum
973 3796 1066 3839 veteres
1082 3788 1250 3855 conjungebst,
1268 3804 1316 3854 quo
1333 3788 1404 3837 modo
1420 3786 1470 3835 Pli-

429 3860 506 3927 prims
519 3861 621 3911 editione
636 3871 661 3911 et
673 3862 766 3930 scriptis
779 3865 924 3932 quumpluri-
973 3862 1028 3913 nius
1044 3863 1089 3913 lib.
1107 3879 1146 3912 xv.
1161 3878 1217 3930 csp.
1231 3863 1259 3912 ii.
1277 3871 1302 3912 et
1318 3862 1412 3913 Gellius
1426 3862 1471 3913 lib.

429 3936 483 3985 mis.
515 3935 562 3985 Sed
573 3935 674 3986 necdum
683 3952 765 3987 senum
775 3938 923 4004 prestiterim
973 3937 1022 3986 ssi.
1032 3954 1086 4005 esp.
1097 3937 1132 3987 xi.
1167 3938 1256 3987 Herus.

428 4009 517 4067 locum,
529 4010 575 4059 uisi
588 4026 643 4059 cum
656 4010 744 4077 optimo
758 4012 835 4079 Regio
846 4022 871 4063 et
880 4031 923 4063 es·
1006 4013 1061 4062 lm.
1082 4012 1115 4061 Ur
1128 4015 1217 4069 mois,
1233 4013 1336 4061 murto
1349 4010 1415 4073 esta]
1432 4010 1469 4057 Es

428 4084 515 4150 cerptis
528 4082 643 4149 Scaligeri
657 4100 686 4134 ec
699 4086 800 4136 Puteuui
814 4104 923 4154 repones,
972 4085 1090 4135 communi
1106 4102 1151 4134 usu
1167 4094 1192 4134 et
1206 4100 1312 4134 sermone
1330 4082 1469 4148 repetitum.

428 4160 504 4208 nenio
514 4158 603 4207 Marso.
635 4158 726 4208 Cantus
740 4160 803 4208 enim
816 4163 924 4226 magicus
972 4160 1001 4209 P.
1010 4160 1092 4225 Syrus,
1104 4162 1124 4209 si
1134 4162 1168 4208 nis
1177 4162 1260 4217 orsum,
1271 4176 1332 4207 oms.
1350 4157 1413 4222 quod
1426 4158 1470 4205 Se·

428 4232 717 4298 Msrsorumserpentibns
727 4233 805 4284 letalis
814 4234 925 4285 creditus.
973 4250 1035 4284 sees
1055 4234 1080 4284 in
1100 4234 1244 4284 seutentism
1270 4232 1353 4283 Ovidii
1376 4231 1470 4297 egregie

428 4306 508 4372 Atque
520 4306 554 4355 its
568 4306 612 4355 lib·
626 4306 659 4356 vi.
672 4308 794 4356 Fastorum
808 4310 865 4358 1⁴1.
880 4324 922 4375 op-
974 4307 1045 4357 dooet
1062 4308 1139 4375 Epist.
1159 4308 1193 4357 is.
1216 4306 1263 4372 Ego
1284 4308 1325 4354 tili
1343 4308 1472 4353 mmsis

429 4378 481 4428 timi
491 4380 592 4439 codices,
602 4379 633 4429 de
642 4380 764 4446 strigibus.
974 4382 1408 4437 summumninemsdiesmestesim
1415 4380 1467 4427 her-

462 4450 513 4501 Sioe
522 4456 595 4518 igitur
606 4465 734 4504 moror
748 4470 807 4512 aaa,
818 4470 857 4503 sen
873 4472 924 4503 cer·
974 4460 1010 4513 hs,
1020 4459 1069 4505 sine
1077 4458 1151 4505 sellim
1162 4456 1263 4519 venefica
1278 4456 1386 4503 somine.
1403 4457 1423 4503 si
1436 4456 1470 4502 nis

524 4530 662 4591 minefiunr,
973 4533 1122 4589 smerdem.
1155 4530 1244 4579 Βυιιιι.
