3609 5967
412 794 483 861 EX
507 792 669 861 PONTO
695 790 1148 859 LIB.111.EPIST.III.
1240 792 1307 859 467

147 979 154 985 ’
256 968 292 1043 N
295 994 433 1067 amque
443 970 613 1067 egodum
624 978 736 1045 canto
747 977 814 1043 tua
824 976 1116 1064 regnatumque
1125 967 1305 1065 parentis,

306 1086 353 1160 In
370 1084 514 1161 nullum
531 1109 618 1159 mea
631 1109 739 1161 mens
758 1086 900 1192 grande
914 1084 1061 1158 vacavit
1078 1108 1189 1182 opus.
1258 1088 1308 1158 36

257 1200 340 1276 Nec
359 1202 450 1277 satis
468 1203 507 1276 id
525 1201 667 1291 fuerat3
690 1202 830 1275 stultus
845 1205 1001 1299 quoque
1018 1200 1187 1276 carmina
1203 1200 1290 1288 feci,

306 1316 463 1392 Artibus
481 1328 523 1392 ut
542 1342 675 1417 posses
694 1342 770 1392 non
788 1318 891 1393 rudis
910 1344 995 1393 esse
1013 1318 1129 1405 meis;
1225 1371 1229 1379 „

257 1431 331 1507 Pro
349 1436 489 1532 quibus
507 1435 684 1510 exsilium
701 1436 838 1511 misero
856 1436 949 1510 mihi
962 1433 1112 1509 reddita
1127 1456 1295 1519 merces:

307 1549 354 1623 Id
371 1575 523 1649 quoque
542 1552 580 1623 in
598 1552 792 1640 extremis
808 1563 848 1626 et
864 1550 948 1625 sine
965 1573 1074 1648 pace,
1093 1549 1200 1623 locis.
1259 1551 1311 1621 to

257 1664 311 1739 At
327 1690 403 1740 non
416 1666 626 1741 Chionides
645 1666 856 1766 Eumolpus
873 1668 914 1741 in
933 1666 1089 1765 Orphea
1106 1665 1215 1753 talis3

309 1780 355 1855 In
374 1781 530 1881 Phryga
547 1807 617 1857 nec
638 1783 818 1882 Satyrum
836 1783 922 1857 talis
943 1781 1134 1881 Olympus
1155 1790 1257 1856 erat:

259 1896 422 1971 Praemia
438 1922 508 1972 nec
528 1889 671 1971 Ohirori
686 1899 734 1973 ab
752 1897 893 1971 Achilli
911 1897 1003 1973 talia
1021 1897 1136 1995 cepit,

310 2012 614 2112 Pythagoraeque
632 1998 758 2089 ferunt
775 2039 850 2089 non
867 2014 1044 2089 nocuisse
1063 2011 1242 2087 Numam.

262 2130 426 2206 Nomina
436 2156 509 2205 neu
521 2130 678 2207 referam
693 2133 847 2229 longum
860 2132 1021 2206 collecta
1030 2153 1242 2229 penarum,
1261 2132 1311 2203 45

312 2246 511 2346 Discipulo
530 2247 624 2346 perii
643 2250 747 2325 solus
765 2250 812 2323 ab
831 2249 914 2347 ipse
933 2271 1031 2323 meo.
1166 2237 1170 2246 ¹

262 2362 364 2437 Dum
383 2362 517 2437 damus
536 2387 640 2437 arma
656 2363 739 2451 tibi,
753 2364 844 2437 dum
858 2373 910 2450 te,
928 2361 1081 2449 lascive,
1100 2361 1296 2447 docemus,

313 2477 407 2552 Haec
426 2490 464 2553 te
479 2478 666 2578 discipulo
685 2479 784 2553 dona
797 2478 978 2576 magister
995 2477 1124 2551 habet.

263 2594 348 2669 Scis
367 2605 507 2682 tamen,
526 2606 569 2669 ut
585 2596 731 2693 liquido
744 2597 892 2695 juratus
910 2596 1038 2669 dicere
1056 2592 1193 2692 possis,

312 2710 350 2783 N
352 2735 401 2784 on
418 2736 479 2785 me
497 2710 685 2807 legitimos
703 2710 928 2786 sollicitasse
945 2720 1061 2784 toros.
1173 2812 1178 2815 Ι
1264 2712 1315 2781 50

1292 2595 1302 2629 Ι

295 2999 335 3046 41.
355 2999 387 3047 Ar
407 3017 452 3048 uon
475 3000 595 3049 Chionides
618 2998 761 3065 Eumolpus]
807 2998 939 3066 Ὄλυμπος
953 2998 1040 3057 Μυσὸς
1055 2996 1169 3057 (1deth
1185 2996 1227 3045 ‘ai
1243 3012 1315 3057 Μ·

262 3072 327 3121 libri
348 3073 417 3121 multi
436 3091 485 3123 non
507 3074 648 3130 Echionides,
666 3074 704 3123 vel
721 3090 763 3123 aso
813 3076 859 3137 τὴς
879 3076 962 3141 pelis
981 3074 1023 3123 sol
1042 3070 1165 3136 ἐλεγείων,
1187 3068 1313 3136 ἡγεμύντι
1404 3120 1408 3126 .

264 3146 406 3196 Echionides.
439 3148 485 3199 Sed
499 3148 598 3213 vulgata
612 3147 685 3197 lectio
702 3148 763 3209 bene
813 3148 945 3215 γενόμενος
956 3151 1004 3208 τῆς
1019 3148 1185 3211 κρουματικῆς
1194 3148 1316 3210 μουσικῆς

261 3221 377 3271 sehabet.
405 3222 539 3287 Εὔμολπος
554 3220 707 3281 Ποσειδῶνος
720 3224 763 3271 καὶ
814 3222 911 3284 τῆςδιὰ
926 3227 977 3272 τῶν
992 3220 1088 3276 αὐλῶν,
1100 3219 1217 3284 μαθητὴς
1232 3216 1257 3267 δὲ
1273 3221 1315 3268 sul

263 3294 359 3356 Χιόνης
366 3296 504 3345 Pausania:
516 3296 681 3355 atlheocrito,
690 3296 763 3361 Idyll.
812 3297 939 3364 ἐρώμενος.
950 3293 1079 3361 Μαρσύου,
1098 3293 1127 3343 rh
1148 3290 1221 3357 γένος
1239 3292 1316 3353 ὄντος

262 3386 319 3417 xxv.
343 3369 528 3435 Φιλαμμονίδης
549 3370 681 3436 Eumolpus
702 3370 762 3419 dici·
814 3370 935 3437 Σατύρου,
954 3368 1079 3418 ἀκουστοῦ
1105 3364 1130 3416 δὲ
1156 3366 1198 3415 soi
1225 3365 1315 3427 rados

262 3452 307 3493 tur.
334 3446 415 3493 Mater
426 3452 506 3495 eutem
522 3444 694 3493 Philammonis
705 3444 763 3494 Chi·
813 3443 945 3511 Ὑάγνιδος·
953 3442 1041 3510 γέγονε
1049 3440 1074 3491 δὲ
1085 3442 1316 3507 πρὸτῶνΤρυικῶν

263 3532 316 3573 one,
329 3524 360 3566 'ut
372 3518 459 3567 Noster
476 3517 526 3583 ipso
543 3518 604 3567 Met.
614 3517 657 3566 lib.
668 3516 703 3567 xi,
715 3534 764 3568 ver.
815 3517 977 3584 d'ohoprroc
986 3516 1012 3572 li
1022 3514 1052 3567 οὗ
1065 3516 1107 3564 soi
1116 3514 1171 3580 ὄρος
1180 3515 1209 3563 rh
1219 3513 1247 3561 ἐν
1259 3521 1313 3565 Μυ-

263 3591 310 3639 317
322 3600 444 3640 memorat.
466 3590 568 3641 ‹Docnit
584 3591 622 3639 hic
633 3591 765 3655 Eumolpus
815 3591 858 3659 trip
877 3590 1032 3658 ὀνομάζεται.
1064 3590 1176 3653 Marsyas
1190 3595 1270 3637 autem
1284 3590 1315 3639 eb

264 3663 356 3715 cithera
366 3664 495 3714 Herculem
503 3680 596 3723 canere,
607 3674 667 3715 teste
674 3664 765 3715 ibidem
815 3666 929 3734 Apolline
949 3673 1035 3715 cantus
1056 3664 1162 3713 carmine
1182 3662 1269 3723 victus,
1290 3674 1315 3714 et

263 3736 397 3809 Theocrito.
413 3740 504 3788 Herus.
539 3740 570 3788 In
586 3739 685 3802 Orpheo.
701 3740 766 3805 Erga
815 3752 871 3793 cute
881 3740 1138 3792 detroctsintert‘ectus
1146 3747 1190 3788 est.

263 3820 431 3877 preceptorem
449 3813 581 3877 Orpheum.
603 3814 675 3862 Men.
714 3814 764 3863 Eu-
847 3819 888 3867 43.
898 3817 997 3865 Pressio
1007 3832 1049 3865 nso
1060 3812 1169 3877 Chiron]
1178 3812 1317 3863 Notumest

264 3887 358 3948 molpsu.
385 3885 496 3949 Plerique
512 3901 560 3935 nou
574 3884 703 3935 Thracium
716 3886 765 3935 Eu·
814 3890 884 3939 Statii
900 3889 1040 3939 stallorum
1054 3886 1221 3944 monumentis,
1230 3886 1315 3936 Achil-

246 3938 248 3965 r
265 3960 378 4025 molitum·
389 3960 431 4009 ”d
451 3958 609 4016 Eleusiniam,
625 3975 654 4008 εἰ
671 3958 765 4025 Deiope
814 3964 861 4014 lem
880 3964 926 4013 sub
942 3963 1052 4013 Chironis
1067 3961 1195 4027 discipline
1210 3954 1316 4011 me'xims

263 4032 401 4098 Triptolemi
423 4041 514 4090 natum,
535 4032 649 4097 mysterio
671 4032 766 4083 Cereris
813 4034 1317 4100 benovolentienutritum3videsubprin·
1379 4058 1384 4065 ·

265 4106 377 4157 Eleusine
393 4106 501 4155 docuisse
512 4108 603 4165 volunt,
618 4106 717 4172 ejusque
731 4107 766 4157 rei
814 4111 862 4177 cip.
872 4110 916 4160 lib.
926 4110 943 4159 i.
952 4110 983 4159 de
992 4110 1046 4157 Art.
1054 4108 1112 4157 Am.

266 4189 387 4229 auctorem
397 4182 485 4229 Istrum
496 4180 581 4230 citant.
610 4180 673 4229 Hinc
682 4190 707 4229 et
715 4182 763 4230 Eu·
847 4185 888 4233 44.
900 4174 1179 4250 Pythagorspu'essrunt,
1189 4179 1249 4243 dio]
1267 4179 1315 4229 Hic

265 4255 375 4320 molpidae
382 4254 449 4312 dicti,
459 4254 501 4319 qui
509 4253 599 4305 tradita
608 4256 639 4303 ab
647 4255 765 4321 Eumolpo
815 4258 921 4323 loquitur
928 4274 958 4307 ex
968 4274 1050 4307 eorum
1060 4256 1171 4322 opinione
1185 4252 1227 4318 qui
1238 4253 1316 4302 credi-

265 4345 340 4385 sucra,
351 4329 464 4379 Eleusine
473 4336 634 4396 procurarunt.
651 4330 749 4379 Mrcrn.
814 4332 871 4381 dere
887 4332 992 4381 Numam
1009 4329 1153 4397 Pompilium
1169 4342 1257 4391 regem
1268 4327 1317 4391 Py-

299 4404 339 4451 42.
351 4401 381 4450 ln
393 4402 489 4468 Phryga
501 4420 543 4453 nso
557 4403 692 4467 Satyrum-J
712 4402 765 4452 Nec
815 4404 920 4469 thagorsa
937 4403 1072 4470 philosophi
1083 4401 1225 4467 discipulum
1235 4400 1316 4451 fuisse.

265 4475 339 4525 etiam
350 4476 470 4541 Olympus
485 4477 540 4527 telis
555 4476 600 4527 luit
612 4476 638 4526 in
653 4478 765 4543 Satyrum
849 4479 890 4527 47.
902 4478 980 4533 Quum
989 4477 1090 4541 dumus]
1107 4476 1174 4524 Dum
1186 4473 1314 4539 tibisigni-

266 4550 397 4615 Marsyam,
407 4550 486 4614 qualis
496 4558 522 4600 tu
535 4550 560 4599 in
571 4566 609 4601 me
622 4550 694 4600 luisti.
727 4550 766 4599 De
815 4552 916 4601 ficamus
935 4550 1055 4616 quomodo
1074 4548 1240 4615 expugnando
1259 4558 1317 4599 sunt

231 4641 233 4645 ’
266 4624 370 4691 Olympo
391 4624 498 4675 meminit
516 4626 602 4675 Suidas
619 4625 655 4675 his
671 4625 765 4675 verbis:
817 4624 913 4689 puellos,
1151 4639 1154 4644 ·
