3609 5967
446 766 513 832 aun
553 702 555 708 λ
738 740 781 827 r.
806 757 969 824 ovrnrr
994 758 1206 827 Nasonis

449 938 557 1023 Quis,
570 934 643 1009 nisi
661 932 885 1018 Maeonides,
897 932 1094 1006 Venerem
1104 931 1347 1031 Martemque
1364 936 1500 1032 ligatos

499 1052 649 1136 Narrat,
669 1049 708 1122 in
726 1049 905 1123 obscoeno
923 1058 1082 1144 corpora
1098 1071 1237 1146 prensa
1254 1051 1363 1123 torol

450 1169 575 1254 Unde,
594 1165 666 1238 nisi
684 1164 824 1238 indicio
842 1161 970 1258 magni
988 1162 1170 1236 sciremus
1190 1161 1359 1251 Homeri,

499 1281 673 1381 Hospitis
691 1281 779 1378 igne
796 1280 891 1354 duaa
911 1278 1114 1355 incaluisse
1134 1278 1264 1355 Deus?
1425 1288 1499 1357 380

449 1399 574 1474 Omne
593 1421 713 1495 genus
731 1395 861 1493 scripti
880 1394 1065 1490 gravitate
1081 1395 1266 1491 tragoedia
1283 1396 1421 1473 vincit:

499 1513 593 1588 Haec
612 1535 766 1610 quoque
784 1510 981 1601 materiam
999 1531 1151 1606 semper
1169 1513 1306 1585 amoris
1325 1513 1452 1588 habet.

449 1631 551 1706 Nam
569 1628 662 1729 quid
678 1627 720 1726 in
738 1624 962 1724 Hippolyto,
978 1623 1049 1697 nisi
1067 1647 1181 1699 caecae
1199 1628 1352 1701 flamma
1368 1653 1498 1704 nover-

498 1745 648 1820 Nobilis
665 1753 726 1817 est
745 1740 898 1815 Canace
915 1739 1041 1813 fratris
1059 1763 1187 1816 amore
1205 1745 1276 1817 sui.
1399 1746 1498 1841 [cael

449 1862 578 1948 Quid?
604 1885 681 1934 non
698 1856 931 1942 Tantalides,
951 1855 1121 1952 agitante
1139 1860 1319 1959 cupidine
1337 1886 1482 1946 currus,

455 2051 463 2058 ,
498 1978 662 2052 Pisaeam
679 1974 857 2074 Phrygiis
875 1972 981 2046 vexit
999 1973 1164 2048 eburnus
1182 1977 1318 2073 equis?
1424 1982 1498 2051 386

446 2094 629 2192 'fingeret
646 2102 689 2165 ut
706 2090 845 2164 ferrum
863 2099 1040 2163 natorum
1058 2094 1242 2188 sanguine
1260 2104 1392 2181 mater,

499 2208 686 2284 Concitus
704 2232 726 2281 a
743 2207 834 2278 laeso
851 2204 943 2278 fecit
960 2228 1086 2280 amore
1105 2207 1232 2282 dolor:

451 2325 558 2401 Fecit
573 2348 677 2399 amor
695 2321 841 2396 subitas
858 2320 1031 2394 volucres
1049 2345 1136 2395 cum
1154 2323 1290 2422 pellice
1308 2348 1446 2422 regem,

498 2441 671 2539 Quaeque
690 2463 800 2512 snum
818 2438 925 2533 luget
942 2460 1042 2534 nunc
1056 2461 1210 2537 quoque
1228 2452 1349 2516 mater
1368 2440 1468 2539 Ityn.

479 2670 536 2719 arr.
558 2667 665 2717 renam
683 2666 824 2729 urnaque
840 2664 944 2731 regare]
996 2673 1050 2726 aa,
1066 2665 1122 2715 vra
1132 2666 1257 2734 inape
1267 2644 1340 2717 evii.
1356 2668 1462 2717 aarum
1473 2676 1498 2717 et

446 2742 588 2800 Athenaeus,
604 2741 647 2793 lib.
662 2741 680 2790 i.
695 2756 749 2807 cap.
767 2743 811 2800 125
827 2741 892 2798 item,
904 2739 947 2790 lib.
996 2737 1064 2789 alios.
1096 2741 1163 2789 Inter
1173 2741 1298 2808 Sophoclis
1306 2740 1435 2807 tragoedias
1445 2758 1499 2807 per-

446 2816 488 2865 xii.
503 2817 529 2866 iu
546 2815 671 2885 principio,
687 2815 747 2864 satia
765 2814 866 2863 honaate
883 2813 946 2865 hane
996 2813 1067 2871 ditas,
1078 2815 1238 2881 Hippodamia
1247 2824 1273 2866 et
1281 2818 1412 2865 OEnomaus
1422 2817 1498 2866 dran-

445 2891 552 2941 sabulam
567 2890 749 2957 interpretatum
765 2896 895 2945 cantorem,
908 2889 945 2937 ln·
995 2897 1105 2953 tuaque
1117 2888 1176 2937 sorte
1193 2906 1242 2938 una
1254 2890 1398 2955 eademqne,
1411 2900 1436 2939 et
1450 2890 1497 2939 huc

445 2962 946 3032 quiem,apudHom.0dysa.O,Phaaeu
995 2961 1207 3027 spectarevidetur.
1220 2964 1499 3029 EuripidiaetiamOEno·

444 3040 564 3090 dehortari
584 3039 686 3089 voluisse
707 3054 722 3087 a
743 3037 813 3087 mulia
833 3036 946 3095 moribu,
996 3037 1202 3087 maural'abricio
1212 3037 1391 3087 nonomittitnr.
1407 3037 1496 3087 Bona.

445 3115 532 3181 quibua
553 3114 702 3162 laborabant.
744 3111 816 3171 Quod
843 3119 868 3160 et
894 3110 947 3177 ipae
1028 3110 1085 3159 386.
1113 3110 1227 3174 Piscem]
1256 3110 1441 3177 Hippodamiam
1467 3127 1497 3160 ex

444 3185 869 3250 anctorfabnlarideturaignifieare
877 3199 947 3251 egre·
996 3183 1290 3241 Pinaciviuaamdie.
1313 3185 1500 3251 Phrygiaeque.

444 3261 484 3327 gio
506 3260 551 3310 hoc
572 3260 769 3328 epiphonemata:
791 3259 843 3309 Οὐκ
864 3257 948 3325 ἀρετᾷ
996 3258 1073 3307 Pailla
1088 3267 1113 3307 et
1128 3259 1245 3325 Harpina,
1257 3275 1316 3324 quoa
1326 3275 1401 3323 equos
1410 3260 1499 3325 Pelops

444 3335 508 3383 rard
518 3334 588 3399 ἔργα.
614 3332 664 3381 Adi
675 3341 701 3382 et
710 3331 833 3383 Plutarch.
848 3331 880 3382 de
890 3347 947 3398 poe·
997 3331 1320 3396 ePhrygiaveniensaecum
1328 3331 1406 3381 duxit.
1424 3333 1499 3381 Elar-

442 3408 474 3457 tia
484 3407 618 3457 audiendis.
997 3423 1049 3455 aar.
1071 3408 1182 3456 Eburnua
1189 3407 1383 3473 Pelopsrocatur
1394 3407 1499 3472 apustio,

476 3484 533 3533 380.
545 3482 612 3530 Duru
623 3480 703 3544 Dara]
721 3480 827 3546 Calypso
834 3488 859 3530 et
866 3480 946 3530 Ciroe.
997 3483 1110 3545 quoniam
1130 3480 1248 3531 Tantalus
1268 3482 1320 3547 ejus
1336 3494 1404 3548 pater
1418 3481 1499 3531 volem

475 3559 533 3607 383.
551 3556 613 3604 Nera
626 3557 682 3619 quid
695 3557 721 3602 in
740 3554 886 3620 Hippolyto]
906 3557 946 3604 De
997 3556 1104 3605 Deorum
1120 3563 1213 3605 tentare
1223 3555 1383 3612 divinitatem,
1394 3555 1499 3605 deiuri-

442 3647 491 3697 quo
507 3632 565 3681 Eur.
580 3638 605 3680 et
620 3630 677 3679 Seu.
688 3626 829 3692 amandiani
845 3628 947 3694 scripse-
996 3630 1136 3680 ramalium
1145 3630 1499 3697 aunmepnlandumadposni13

443 3715 507 3755 runt.
995 3720 1065 3769 aquo
1075 3704 1392 3761 omneaDiiabstinuernnt,
1399 3712 1497 3770 excepta

475 3779 532 3828 384.
551 3777 638 3825 Nobila
656 3786 688 3825 err
711 3775 822 3839 Onam]
847 3776 944 3825 Canace
995 3780 1152 3843 Cautaque
1163 3779 1289 3829 brachium
1299 3779 1351 3844 ejus
1361 3781 1499 3828 consumsit.

442 3870 472 3903 ex
481 3853 552 3901 fratre
563 3852 678 3900 Macareo
689 3850 763 3899 alium
773 3850 879 3917 peperit:
897 3866 944 3916 qno
994 3854 1082 3903 Postea
1102 3853 1153 3909 Dii,
1174 3861 1272 3919 petente
1291 3854 1403 3910 Tantalo,
1424 3868 1497 3918 quum

441 3925 531 3977 scelere
542 3934 671 3990 comperto,
681 3924 783 3991 reipsam
791 3925 860 3989 jussu
870 3926 946 3991 patria
994 3927 1123 3976 voluissent
1130 3927 1182 3991 ejus
1192 3926 1268 3975 filium
1276 3942 1390 3976 revocare
1398 3928 1429 3976 ab
1439 3926 1499 3976 ine·

441 3999 569 4050 interfecit.
609 4002 739 4049 Macareus
759 4015 815 4048 vero
835 3998 860 4047 in
881 4008 943 4048 tem·
992 4000 1035 4058 ris,
1045 4000 1118 4050 Ceres
1126 4000 1149 4049 ei
1159 4001 1291 4049 eburneum
1298 4001 1421 4050 brachium
1432 3999 1497 4049 retti-

441 4075 507 4142 plum
519 4074 639 4141 Apollinis
649 4072 764 4141 Delphici
775 4074 891 4139 confugit.
993 4074 1047 4124 tuit.
1079 4074 1150 4133 Quod
1167 4073 1222 4122 ideo
1233 4074 1338 4139 fingitur,
1351 4074 1409 4140 quia
1424 4075 1497 4125 Cerea

473 4150 530 4198 385.
559 4146 639 4203 Quid?
657 4165 704 4196 non
728 4147 883 4211 Tantaliden]
914 4149 944 4196 In
992 4148 1045 4215 ipsa
1060 4158 1097 4197 eat
1113 4157 1183 4204 terra,
1199 4164 1255 4213 quie
1270 4164 1370 4215 corpora
1387 4149 1498 4198 universa

441 4221 599 4289 Peloponnesi
609 4221 717 4279 civitate,
724 4223 792 4271 Mars
802 4237 832 4270 ex
844 4222 944 4286 AEgina,
992 4223 1118 4278 consumit,
1128 4238 1182 4272 ossa
1192 4232 1286 4272 tantum
1297 4239 1427 4273 marana.

440 4297 516 4363 Asopi
537 4297 595 4354 filia,
612 4295 696 4363 genuit
716 4297 873 4346 OEnomanm:
904 4296 943 4346 hio
1026 4296 1278 4360 wammam]
1298 4297 1338 4346 Ab
1351 4298 1496 4347 amoraMe·

441 4372 535 4420 unicam
547 4371 621 4420 filiam
638 4370 824 4437 Hippodamiam
840 4369 942 4431 habuit;
992 4370 1045 4420 dee
1056 4372 1086 4419 ab
1097 4373 1113 4421 J
1115 4386 1187 4419 anone
1197 4369 1294 4421 violato.

439 4444 511 4493 finem
521 4446 576 4495 vite
591 4447 623 4495 ab
638 4445 734 4495 omenlo
750 4443 888 4500 manicanti,
902 4460 941 4492 re·
1024 4446 1080 4494 389.
1107 4443 1173 4493 Fecit
1188 4461 1253 4493 arnor
1268 4446 1356 4493 molter
1370 4443 1494 4507 wlacra]

440 4532 551 4581 sponsum
567 4526 613 4577 eat,
624 4528 682 4568 tnnc
697 4518 752 4567 latin
763 4517 832 4567 illum
843 4533 942 4568 muces-
991 4519 1060 4567 Terei
1075 4512 1218 4582 tragediam
1229 4516 1351 4581 iutelligit.
1384 4517 1497 4567 Norant

439 4604 528 4648 aurum,
536 4607 608 4655 quum
616 4592 667 4643 lilia
677 4591 839 4659 Hippodamia
848 4592 942 4658 nupsia·
991 4591 1074 4641 sabula
1085 4591 1158 4641 Oria
1168 4591 1331 4657 Metamorphr
1342 4590 1387 4641 lib.
1394 4591 1428 4643 vi.
