3609 5967
472 781 542 845 EX
567 779 727 845 ΡΟΝΤΟ
754 780 843 844 LIB.
869 780 897 843 1.
924 779 1069 843 EPlST.
1095 780 1142 842 11.
1259 781 1324 843 357

279 953 353 1038 Qui
372 955 475 1027 nasci
494 966 535 1027 ut
552 977 696 1051 posses,
716 954 887 1049 quamvis
910 953 1081 1027 cecidere
1099 954 1269 1038 trecenti,

331 1069 363 1141 N
368 1094 416 1143 on
435 1094 565 1145 omncs
585 1070 720 1144 Fabios
739 1070 895 1143 abstulit
913 1093 988 1142 una
1005 1069 1107 1156 dies;

281 1185 450 1260 Forsitan
469 1188 549 1260 baec
568 1211 591 1260 a
608 1212 685 1284 quo
703 1187 873 1260 mittatur
889 1186 1050 1285 epistola
1068 1208 1228 1282 quaeras,
1300 1189 1322 1257 5

328 1300 481 1401 Quique
498 1305 633 1401 loquar
649 1315 789 1387 tecum,
808 1301 944 1375 certior
959 1325 1043 1374 esse
1061 1299 1165 1374 velis.

279 1416 351 1491 Hei
369 1420 481 1492 mihi!
509 1421 602 1518 quid
620 1420 780 1494 faciam?
807 1442 948 1504 vereor,
969 1440 1016 1490 ne
1034 1415 1183 1489 nomine
1198 1416 1297 1489 lecto

329 1533 468 1621 Durus,
484 1549 523 1610 et
539 1560 671 1610 aversa
687 1547 825 1609 caetera
841 1546 969 1608 mente
987 1535 1104 1629 legas.

278 1648 425 1723 Viderit
441 1652 521 1725 haec
540 1653 571 1725 si
589 1654 697 1750 quis;
726 1652 795 1726 tibi
813 1676 875 1724 me
894 1649 1091 1746 scripsisse
1109 1646 1214 1722 fateri

329 1764 503 1853 Audebo,
522 1779 563 1841 et
579 1768 739 1866 propriis
757 1766 985 1863 ingemuisse
1004 1763 1124 1836 molis,
1280 1766 1324 1833 10

279 1878 446 1970 Viderit3
476 1883 626 1956 audebo
643 1882 712 1955 tibi
731 1905 793 1955 me
810 1880 1009 1979 scripsisse
1026 1878 1146 1962 fateri,
1208 1951 1213 1958 ,

328 1994 455 2093 Atque
474 1999 626 2072 modurn
645 1999 767 2097 culpae
786 1997 979 2071 notificare
997 2018 1104 2069 meae.

279 2108 366 2197 Qui,
385 2136 502 2208 quum
520 2138 580 2187 me
599 2138 711 2213 poena
728 2114 883 2210 dignum
901 2111 1069 2209 graviore
1087 2109 1202 2183 fuisse

330 2226 533 2315 Confiteor,
554 2255 708 2327 possum
726 2230 788 2304 vix
807 2228 977 2324 graviora
994 2225 1085 2324 pati.

280 2339 462 2416 Hostibus
481 2345 519 2417 in
538 2347 685 2435 mediis,
706 2346 879 2441 interque
899 2342 1067 2442 pericula
1083 2363 1229 2426 versor;
1281 2344 1324 2414 15

329 2456 526 2555 Tanquam
544 2485 632 2533 cum
650 2462 771 2559 patria
788 2485 865 2559 pax
883 2460 934 2532 sit
950 2458 1101 2531 ademta
1119 2455 1231 2528 mibi:

278 2569 366 2657 Qui,
386 2575 516 2647 mortis
534 2589 633 2648 saevo
651 2575 843 2671 geminent
860 2586 903 2648 ut
917 2574 1069 2646 vulnere
1088 2594 1235 2656 causas,

331 2687 469 2762 Omnia
485 2691 634 2788 vipereo
652 2691 799 2789 spicula
815 2690 904 2764 felle
922 2689 1065 2762 linunt:

279 2984 379 3033 Fabium
395 2986 453 3035 fucit
470 3005 559 3038 s.u.c.
577 3006 694 3040 necxcrn.
709 2998 775 3041 utet
825 2989 974 3041 Recentioris
994 2988 1105 3046 auctoris,
1125 3004 1171 3036 nou
1190 2985 1271 3035 Ovidii
1291 2995 1326 3034 nst

279 3058 373 3125 Lipsius
391 3061 464 3110 iecit:
481 3063 523 3112 sed
539 3064 690 3114 inseruisse
706 3065 777 3131 hujus
825 3082 878 3116 roc.
898 3067 1025 3130 ssoeficure.
1044 3062 1108 3128 quod
1128 3076 1220 3110 versum
1249 3058 1326 3108 reddit

279 3135 348 3184 retii
369 3146 459 3200 putrem
479 3138 547 3188 docet
566 3140 672 3189 Messon.
689 3140 714 3189 in
729 3142 779 3189 vita
826 3148 973 3204 suspectum.
1009 3141 1091 3195 Quare
1102 3133 1213 3183 Heinsius
1225 3150 1254 3181 ex
1268 3132 1327 3181 duo·

279 3209 370 3258 Ovidii.
402 3211 450 3265 Qui
464 3216 525 3261 tanti
540 3230 667 3262 nssnsurum
684 3218 779 3264 nominis
828 3215 873 3261 bus
891 3210 999 3260 distichis
1020 3225 1094 3258 unum
1119 3205 1255 3255 laciendum
1282 3206 1327 3253 boc

277 3284 364 3344 imples.
401 3284 449 3341 Qui
470 3285 571 3335 nonriuis
589 3286 776 3352 msgnitudinem
827 3285 998 3334 modoceuset.
1028 3282 1129 3330 Videris:
1145 3281 1328 3328 arrdebotibime

277 3371 368 3421 nequas,
388 3373 416 3406 sc
437 3374 533 3425 superes
553 3359 625 3409 enimi
646 3360 777 3411 nobilitato.
827 3360 938 3422 scripsisse
948 3360 1034 3423 jisteri.
1061 3357 1154 3403 Audebo
1172 3355 1270 3415 propriis
1290 3356 1326 3401 irs·

279 3429 325 3477 Per
340 3446 474 3480 mensurum
493 3443 573 3482 nutem
590 3434 649 3483 tenti
667 3435 777 3492 nominis,
825 3435 936 3498 grunnisse
951 3433 1032 3478 mulis:
1054 3428 1106 3478 Ant
1130 3427 1218 3475 Videris
1234 3428 1327 3483 loc,·si

280 3503 569 3570 llsrims'adpellntiunom
580 3508 695 3571 intellige.
827 3502 1213 3570 qnidsnribimsscripsissesuteri
1225 3501 1325 3557 Audebo,

310 3581 335 3627 2.
345 3579 445 3644 Genus]
464 3582 625 3631 Maximorum
636 3581 761 3631 familiam.
828 3592 850 3629 st
860 3583 958 3643 propiis
967 3581 1100 3642 ingessusisss
1110 3577 1183 3623 mulis.
1201 3574 1327 3639 Equidem,

312 3654 335 3701 3.
348 3654 456 3707 &suen
468 3659 575 3713 cecidero.
586 3657 645 3721 δια]
665 3656 734 3705 Bello
744 3657 777 3704 E·
829 3656 886 3721 quie
896 3655 952 3706 cod.
961 3654 1049 3702 Erlust.
1057 3652 1129 3700 babet
1129 3651 1225 3716 fatebor
1231 3651 1325 3714 (supre-

279 3735 364 3782 trusco,
377 3729 440 3794 quod
449 3737 542 3793 gestum
552 3739 588 3778 est
599 3737 681 3777 oontm
690 3728 778 3777 Veieu·
828 3729 916 3795 scripto
925 3729 1018 3793 sutori)
1037 3727 1150 3790 legerem.
1163 3726 1274 3786 scripsisse
1282 3723 1327 3788 fn·

279 3807 324 3856 tes,
334 3817 407 3864 quum
417 3802 632 3851 inaciececidisset
640 3804 671 3859 Q.
680 3801 778 3854 Fsbiusr
828 3806 897 3852 rebor.
933 3803 1025 3850 domno
1038 3802 1270 3863 nrrrpriis-sequeus
1284 3813 1327 3847 su-

281 3873 334 3922 vide
350 3874 454 3933 Florum,
464 3876 524 3924 libro
535 3876 552 3924 i.
563 3892 616 3942 cap.
631 3878 669 3924 12.
697 3875 777 3925 Histo·
830 3887 878 3927 tem
886 3873 1123 3926 deleremdisticbou.
1140 3872 1255 3936 Micyllus
1263 3872 1327 3937 prius

281 3963 339 3996 nem
356 3950 425 3998 refert
440 3950 552 3999 Ouidio
567 3950 779 4000 restituitur.
829 3949 948 3999 distichon
971 3946 1136 4011 interrogative
1162 3945 1228 4009 legit,
1249 3945 1327 3994 ut‘sit

281 4023 336 4071 196.
346 4039 400 4089 sqq.
829 4024 904 4073 oratio
921 4022 1061 4078 dubitantis,
1080 4031 1105 4070 et
1123 4020 1237 4086 posterius
1258 4020 1325 4084 qussi

313 4097 337 4144 l.
348 4097 590 4146 Nonsbstulitsssnes
603 4098 703 4162 Fabios]
722 4099 778 4147 Non
828 4113 870 4163 per
890 4096 1079 4162 subjunctionem
1101 4094 1157 4143 huic
1177 4093 1325 4157 respondent.

280 4186 373 4235 prorsus
384 4188 467 4221 ornnes
483 4173 568 4222 Fabios
584 4172 680 4221 delevit.
709 4172 779 4221 Unus
828 4171 941 4220 llrnnss.

269 4244 342 4293 *enim
352 4261 381 4294 ex
392 4262 422 4295 en
432 4258 510 4311 gente,
520 4248 551 4296 ob
561 4247 707 4312 impuberem
718 4254 777 4295 mte-
863 4247 901 4294 lt.
918 4245 1025 4292 Hostibus
1042 4245 1067 4290 in
1081 4241 1180 4303 modim]
1198 4242 1227 4288 In
1243 4238 1328 4287 mediis

281 4326 330 4367 tem
348 4318 412 4368 domi
427 4321 531 4379 relictus,
548 4321 687 4386 propagavit
703 4336 779 4385 genus
830 4319 907 4375 Getis,
918 4318 960 4383 qui
970 4319 1053 4366 urbem
1064 4315 1183 4364 infestent.

279 4392 312 4440 ad
329 4395 360 4451 Q.
371 4394 480 4452 Fabium,
494 4396 536 4461 qui
551 4410 616 4444 more
633 4393 778 4443 Annibalem
864 4394 902 4441 17.
928 4392 959 4439 Ut
976 4393 1091 4456 geminent
1110 4404 1197 4443 camus.
1214 4387 1273 4448 dte]
1295 4386 1327 4434 Ut

280 4466 360 4527 fregit·
829 4466 920 4533 duplici
935 4480 1008 4513 censa
1024 4473 1048 4512 et
1059 4461 1099 4509 vin
1109 4460 1200 4509 lethum
1211 4459 1326 4515 adierant,

313 4542 337 4588 9.
353 4539 461 4604 Viderit]
474 4545 551 4599 Quam
561 4543 680 4605 eleganter
688 4540 778 4590 dictum
830 4542 889 4590 ferro
898 4540 990 4589 scilicet
999 4546 1024 4585 et
1034 4551 1132 4584 veneno.

279 4615 319 4670 sit,
330 4613 438 4679 plurimis
450 4614 520 4664 docet
530 4615 641 4665 Heinsius
654 4614 777 4681 exemplis.

927 4687 1004 4733 clril
