3609 5967
483 763 552 831 leo
778 760 819 827 Ρ.
842 759 1003 826 ovlnn
1027 758 1242 828 NASONIS

487 936 652 1013 Nomine
668 960 744 1010 noo
761 947 858 1023 uter,
877 959 927 1009 ne
943 934 1210 1010 commendere
1227 936 1394 1034 querela,

537 1052 813 1151 Quaereturque
831 1052 901 1127 tibi
920 1052 1086 1127 carmine
1103 1051 1205 1126 lama
1220 1075 1318 1127 meo.

488 1168 592 1243 Dum
610 1192 695 1244 mee
711 1169 851 1268 puppis
869 1177 951 1243 eret
967 1167 1091 1242 valida
1107 1167 1266 1242 fundate
1277 1167 1417 1256 carine,
1514 1172 1540 1244 5

538 1284 614 1370 Qui
627 1309 778 1360 mecum
795 1286 913 1360 velles
930 1308 1093 1371 currere,
1110 1285 1254 1384 primus
1270 1308 1368 1361 eres.

488 1398 526 1473 N
528 1425 614 1489 unc,
633 1401 724 1499 quie
740 1400 931 1476 contraxit
945 1400 1092 1474 vultum
1108 1399 1269 1488 fortuna,
1288 1399 1447 1486 recedis,

537 1514 693 1591 Auxilio
710 1525 915 1616 postquam
931 1513 1008 1590 scis
1025 1538 1124 1613 opus
1140 1538 1226 1590 esse
1243 1526 1322 1590 tuo.

488 1632 718 1715 Dissimulas
735 1632 863 1720 etiam,
883 1656 954 1707 nec
971 1656 1033 1706 me
1050 1631 1108 1706 vis
1125 1655 1238 1707 nosse
1254 1630 1387 1719 videri,

539 1747 695 1849 Quique
712 1750 775 1838 sit,
793 1750 923 1827 audito
940 1749 1104 1836 nomine,
1124 1746 1242 1836 Naso,
1261 1770 1385 1845 roges.
1403 1744 1410 1755 ”
1492 1750 1540 1820 10

489 1864 561 1940 Ille
577 1888 649 1961 ego
667 1890 764 1954 sum,
775 1888 996 1964 quenquam
1013 1863 1155 1938 nonvis
1173 1863 1315 1951 audire,
1332 1873 1484 1939 vetusta

539 1980 657 2056 Paene
674 2003 769 2080 puer
786 2005 905 2080 puero
918 1983 1075 2079 junctus
1092 1979 1284 2055 amicitie:
1394 2050 1398 2057 .

488 2095 560 2173 Ille
577 2116 662 2194 ego,
679 2097 746 2196 qui
765 2098 908 2195 primus
925 2108 994 2173 tua
1009 2097 1109 2173 serie
1123 2121 1237 2172 nosse
1253 2097 1434 2184 solebam,

396 2304 401 2319 ,
539 2211 616 2298 Qui
632 2212 701 2287 tibi
716 2214 896 2311 jucundis
914 2213 1058 2311 primus
1075 2213 1211 2288 adesse
1223 2213 1344 2311 jocis:

488 2325 560 2402 Ille
578 2352 650 2426 ego
667 2328 870 2416 convictor,
889 2324 1087 2426 densoque
1105 2329 1337 2403 domesticus
1355 2352 1449 2416 usu;
1490 2333 1537 2403 15

539 2440 612 2518 Ille
630 2467 701 2541 ego
715 2443 869 2542 judiciis
887 2444 1000 2519 unico
1015 2442 1131 2519 Musa
1147 2444 1237 2520 tuis.

490 2558 601 2637 ldem
617 2584 689 2657 ego
707 2584 804 2647 sum,
819 2560 887 2658 qui
900 2583 1001 2633 nunc
1014 2558 1208 2648 mmmm,
1220 2560 1376 2659 perfide,
1388 2560 1535 2649 nescis;

541 2675 645 2750 Cure
662 2676 731 2750 tibi
747 2677 797 2751 de
814 2698 891 2775 quo
910 2699 1081 2774 quaemre
1097 2678 1202 2752 nulla
1218 2677 1303 2751 suit.

490 2790 579 2866 Sive
596 2790 649 2867 fui
666 2815 861 2891 nunquam
879 2815 1002 2881 carus,
1021 2792 1222 2868 simulasse
1238 2792 1388 2869 fetoris:

541 2908 620 2984 Seu
637 2933 712 2983 non
728 2909 911 3006 fingebas,
928 2909 1117 2985 inveniere
1133 2909 1239 2986 levis.
1487 2914 1539 2983 20

490 3023 577 3114 Dic,
596 3050 679 3125 ege,
697 3026 760 3101 dic
778 3027 957 3126 aliquam,
977 3050 1063 3125 quae
1081 3037 1121 3101 te
1138 3024 1349 3112 mutaverit,
1367 3024 1484 3100 iram:

458 3214 463 3225 s
542 3140 578 3216 N
582 3164 642 3216 am
660 3142 732 3217 nisi
745 3144 852 3240 justa
868 3151 936 3217 tua
952 3152 1022 3230 est,
1036 3144 1142 3240 justa
1158 3142 1315 3241 querele
1330 3164 1416 3217 mea
1432 3150 1505 3216 est.

490 3258 587 3345 Quae
605 3268 644 3335 te
660 3258 897 3335 consimilem
912 3285 971 3335 res
987 3283 1087 3333 nunc
1104 3269 1208 3334 vetat
1223 3282 1309 3333 esse
1326 3256 1465 3356 priori?

540 3376 603 3450 An
619 3378 775 3465 crimen,
793 3376 893 3476 coepi
911 3376 1013 3476 quod
1031 3375 1145 3450 miser
1161 3398 1259 3462 esse,
1277 3373 1417 3448 vocas?

489 3492 534 3566 Si
552 3491 643 3566 mihi
660 3495 774 3569 rebus
790 3516 904 3594 opem
921 3494 1063 3568 nullam
1079 3490 1266 3589 factisque
1283 3489 1444 3577 ferebas,
1488 3494 1539 3563 25

540 3608 720 3684 Venisset
736 3609 861 3685 verbis
874 3610 1006 3685 charta
1022 3615 1153 3683 notate
1168 3607 1303 3684 tribus.

523 3943 565 3990 10.
577 3941 678 4004 Quisque
688 3942 744 4005 sin]
762 3941 839 3992 Recte
849 3943 937 3992 Boves.
948 3942 992 3991 Er-
1042 3941 1110 3992 Ordo
1119 3949 1173 3991 emt
1190 3941 1213 3990 0
1228 3938 1327 4007 perfide,
1338 3938 1380 4004 qui
1390 3954 1454 3988 nnnc
1464 3938 1543 3988 nescis

492 4015 549 4064 lori.
566 4014 698 4063 Burmann.
716 4029 788 4080 quem
803 4015 874 4066 vide:
891 4025 929 4065 est
944 4017 992 4065 lor-
1039 4031 1075 4066 en
1084 4016 1172 4074 vivum,
1183 4031 1228 4080 ego
1242 4031 1295 4065 mm
1307 4014 1357 4071 ille,
1367 4013 1398 4063 ‹le
1411 4030 1459 4079 quo
1473 4014 1542 4063 nulle

492 4088 559 4138 mule
573 4086 712 4148 contemtio
730 4087 854 4151 loquendi,
869 4097 992 4154 tamquam
1043 4105 1100 4139 cure
1111 4091 1156 4139 luit
1166 4089 1210 4140 tibi
1220 4104 1337 4154 querere.

493 4163 524 4214 (le
534 4161 634 4211 obscuro
644 4170 669 4209 et
678 4160 721 4210 vili
731 4160 835 4211 homine.
862 4163 976 4213 Hennes.
1004 4196 1017 4225 s
1074 4166 1116 4213 m.
1128 4165 1253 4228 Nisijusw
1264 4173 1305 4212 ms
1315 4162 1368 4225 αα]
1380 4160 1434 4210 Nisi
1442 4161 1543 4226 querele

527 4238 567 4286 15.
578 4235 727 4299 Daunum]
747 4235 876 4301 nequem
891 4252 991 4287 consue·
1042 4248 1086 4290 toa
1102 4238 1211 4288 habuerit
1224 4238 1313 4303 justam
1330 4250 1424 4286 mecum
1440 4250 1541 4284 sumen·

493 4310 586 4361 tudine.
1041 4312 1109 4363 nendi
1120 4328 1225 4362 cenum.
1251 4312 1350 4366 Querela
1359 4327 1418 4359 m.
1436 4309 1496 4359 Me·
1504 4310 1541 4359 ln·

530 4385 568 4434 16.
579 4385 635 4433 Tuis
642 4385 765 4448 judiciis]
782 4383 847 4444 Quia
861 4386 895 4434 ite
909 4385 992 4436 deme
1041 4386 1156 4436 mentatio
1163 4386 1194 4436 de
1204 4393 1237 4443 te,
1246 4385 1309 4451 qnod
1320 4400 1359 4434 me
1369 4383 1509 4434 deserueris.

491 4459 627 4523 indicabas.
664 4459 740 4508 Unico
754 4459 831 4509 Muso-
854 4460 924 4510 Solus
936 4475 992 4527 poe·
1073 4461 1116 4510 26.
1136 4461 1235 4510 Venisset
1251 4462 1324 4509 nerlii
1339 4460 1422 4507 morte
1436 4457 1540 4522 num]
1576 4479 1592 4499 τ

494 4533 548 4582 tice
559 4534 724 4598 mispcritus.
1040 4531 1130 4583 Sellet'n
1149 4534 1222 4584 verbe
1240 4542 1266 4583 et
1286 4532 1366 4583 litem
1387 4530 1418 4581 ul
1436 4547 1476 4581 me
1496 4532 1542 4580 ni·

530 4606 567 4656 17.
575 4607 620 4655 lue
629 4623 670 4673 ego
680 4624 730 4658 sum
738 4611 777 4672 qui
786 4626 849 4659 nunc
856 4627 888 4659 ou
896 4609 991 4674 vivom]
1039 4608 1121 4659 usse.
