3609 5967
488 790 683 858 TRISTIU
686 791 723 857 Μ
747 789 838 856 LIB.
862 790 906 857 V.
930 791 1067 859 ELEG.
1090 793 1134 860 V.
1255 795 1340 862 ¹823

286 965 386 1052 Hoc,
404 964 570 1052 memini,
590 963 782 1063 quondam
800 963 881 1038 fieri
901 988 977 1039 non
994 989 1107 1063 posse
1124 966 1319 1064 loquebar,
1344 1056 1348 1062 ¹

339 1080 389 1157 Et
407 1105 468 1157 me
487 1080 686 1177 Battiades
700 1080 831 1177 judice
848 1080 968 1155 falsus
986 1091 1079 1155 erat.

289 1198 428 1272 Omnia
445 1221 545 1271 nunc
563 1197 699 1284 credo;
720 1220 839 1294 quum
857 1209 899 1272 tu
917 1197 1113 1272 consultus
1132 1199 1180 1273 ab
1198 1198 1316 1273 Arcto

337 1312 474 1410 Terga,
492 1336 621 1411 vapor,
638 1311 803 1399 dederis,
823 1311 1109 1409 Ausoniamque
1127 1322 1250 1413 petas.
1287 1318 1338 1388 40
1398 1325 1404 1337 “

288 1426 382 1503 Haec
400 1428 516 1525 igitur
528 1427 596 1502 lux
613 1439 686 1515 est,
705 1452 793 1525 quoe
811 1429 843 1501 si
862 1453 938 1502 nou
956 1428 1199 1517 maluisset,

338 1543 457 1617 Nulla
473 1542 545 1617 fuit
562 1543 699 1617 misero
717 1542 815 1617 lesta
831 1543 997 1618 videnda
1012 1544 1116 1619 milri.

289 1657 423 1733 Edidit
439 1659 521 1733 haec
539 1681 662 1734 mores
680 1657 754 1732 illis
771 1658 936 1732 heroisin
955 1640 1099 1756 ¹arquos,

340 1773 458 1860 Queis
476 1783 559 1848 erat
576 1771 726 1858 Eetion,
745 1771 967 1872 Icariusque
984 1785 1108 1874 pater.

291 1889 394 1965 Nata
410 1890 595 1989 pudicitia
611 1899 684 1977 est,
703 1912 840 1978 mores,
860 1891 1122 1990 probitasque,
1140 1891 1336 1990 fidesque:

339 2006 393 2080 At
410 2031 484 2100 non
502 2016 592 2081 sunt
608 2007 683 2080 ista
699 2007 838 2104 gaudia
854 2016 945 2081 nata
961 2007 1036 2082 die.
1288 2012 1339 2084 46

291 2121 369 2196 Sed
386 2123 503 2210 labor,
523 2134 562 2196 et
578 2146 691 2211 curae,
710 2124 935 2222 fortunaque
950 2124 1117 2199 moribus
1135 2124 1277 2223 impar;
1384 2108 1387 2115 ⁴

338 2235 362 2309 J
365 2249 529 2337 nataque
546 2237 594 2312 de
612 2238 727 2312 viduo
744 2263 854 2338 paene
873 2242 1031 2337 querela
1047 2251 1142 2334 toro.

292 2351 458 2440 Scilicet,
478 2354 645 2427 adversis
662 2354 832 2453 probitas
850 2355 1020 2429 exercita
1036 2354 1162 2440 rebus,

339 2466 455 2542 Tristi
469 2469 666 2543 materiam
684 2479 855 2567 tempore
872 2470 996 2544 laudis
1014 2470 1153 2544 habet:
1291 2474 1341 2544 50

292 2584 334 2660 Si
353 2584 446 2659 nihil
463 2583 590 2659 infesti
607 2585 724 2661 durus
740 2570 905 2660 vidisset¹
918 2586 1092 2685 Ulysses,

342 2700 537 2800 Penelope
554 2700 658 2790 felix,
678 2701 747 2776 sed
765 2702 846 2776 sine
860 2699 984 2790 laude,
1004 2700 1121 2777 foret:

291 2815 423 2891 Victor
441 2814 645 2891 Echionias
663 2817 695 2891 si
712 2816 767 2890 vir
784 2827 1025 2916 penetrasset
1042 2816 1080 2890 in
1099 2839 1217 2903 arces,

343 2931 517 3007 Forsitan
535 2932 717 3009 Evadnen
734 2935 798 3007 vix
816 2958 886 3009 sua
902 2944 1033 3009 nosset
1048 2922 1209 3009 humus:

324 3105 365 3152 38.
377 3102 516 3168 Battiada]
535 3104 699 3155 Callimachus
712 3115 791 3172 poeta,
841 3107 959 3166 Quanam
979 3106 1044 3155 eninr
1064 3103 1202 3170 Eurytionia
1218 3103 1262 3152 illa
1276 3104 1342 3153 filia?

290 3177 334 3243 qui
345 3177 389 3226 boc
399 3178 533 3245 scripserat,
539 3194 574 3229 sc.
584 3178 615 3228 de
623 3179 688 3229 fumo
696 3180 721 3229 in
731 3179 792 3230 duas
840 3180 947 3245 Scaliger
959 3180 1105 3245 Antigonen,
1114 3176 1183 3226 Pelei
1194 3193 1298 3235 uxorem,
1306 3177 1343 3226 iu·

292 3258 373 3316 partes
397 3260 478 3309 cunm,
499 3252 524 3300 in
546 3251 620 3302 sacris
642 3253 746 3303 Eteoclis
767 3264 792 3304 et
841 3250 974 3318 telligebat.
1007 3251 1056 3301 Sed
1071 3267 1182 3316 quorsum
1198 3251 1343 3299 tamobscu·

294 3324 423 3389 Polynicis
797 3382 799 3385 ¹
841 3342 893 3375 rum
911 3327 1013 3375 uomenl
1029 3323 1212 3373 Andromachen
1227 3322 1343 3390 intellige,

323 3399 365 3449 39.
376 3398 518 3463 consultas]
535 3400 644 3450 Verbum
662 3399 687 3449 iu
702 3402 790 3450 meriri-
822 3400 971 3450 'notiadmoe
989 3397 1111 3464 pudicitia
1128 3397 1257 3447 laminam:
1278 3398 1343 3463 apud

290 3472 335 3522 ciis
352 3472 479 3523 usitatum:
500 3473 704 3539 servandarum
719 3476 792 3541 raspi-
842 3474 982 3531 Homerum,
995 3472 1066 3522 lliad.
1078 3472 1111 3525 &a

291 3546 333 3596 eit.
364 3548 454 3597 Harsa.
503 3548 630 3598 Enimvero
657 3548 791 3598 Burmann.
872 3545 1031 3613 Ἀνδρομάχη
1048 3545 1158 3613 θυγάτηρ
1172 3544 1344 3612 μεγαλήτορος

294 3626 311 3649 “
323 3620 374 3686 rgo
384 3630 498 3679 veterem,
509 3622 551 3678 ait,
563 3621 689 3672 lectionem
701 3622 792 3671 reduxi.
907 3620 1046 3679 Ἠετίωνος.
1221 3620 1311 3669 Harsa.

292 3693 387 3743 Iudicat
400 3694 465 3743 enim
483 3695 561 3759 ipsum
579 3696 671 3745 lumnrn
690 3695 751 3745 scire
768 3704 793 3746 et
843 3694 1067 3751 DoAndromacha,
1078 3693 1248 3750 liliaFotionis,
1260 3701 1284 3742 et
1296 3696 1329 3743 Pe

291 3766 378 3817 natira
388 3768 553 3819 infelicitatem
563 3769 668 3819 locorum
678 3771 722 3818 sub
731 3769 793 3819 Arc-
843 3770 936 3836 uelope,
943 3768 1014 3819 Icarii
1022 3769 1114 3835 filia(v.
1122 3767 1194 3817 Orid.
1201 3767 1343 3831 Henidl.)

291 3850 325 3898 to,
336 3856 408 3905 quare
418 3841 460 3892 ille
469 3858 517 3891 non
527 3843 615 3891 atultua
623 3842 679 3891 inde
690 3843 793 3908 faginea
842 3844 954 3910 loquitur.
977 3844 1089 3892 llantur.

293 3915 554 3967 ltaliamverrortcndit
564 3936 569 3964 :
580 3916 792 3968 etitacl.Bcutlei.
874 3921 915 3968 52.
931 3918 985 3967 Sine
1005 3920 1074 3967 laude
1081 3915 1169 3984 soret]
1196 3916 1252 3974 Sine
1269 3914 1342 3966 laude

293 3989 324 4038 ad
341 3989 462 4039 Horatii.
478 3990 553 4040 Sena.
565 3990 599 4040 iit
612 3992 667 4041 158.
685 3993 792 4042 censet.”
841 3992 973 4060 pudicitiae,
982 3992 1114 4058 quamipso
1122 3993 1229 4047 absente,
1240 3991 1297 4040 totis
1307 3989 1342 4039 vi·

293 4061 405 4112 Harena.
841 4067 902 4133 giuti
922 4067 991 4116 annia
1019 4066 1176 4122 consonavit,
1197 4073 1222 4114 et
1242 4064 1345 4115 raditum

325 4137 367 4186 40.
380 4136 456 4203 Targo
465 4137 576 4200 dedalo]
588 4138 686 4203 lugetis
696 4137 793 4187 Italiam
842 4142 894 4207 ejus
904 4141 1022 4208 patienter
1031 4139 1186 4207 exspectavit.
1215 4140 1295 4188 Porta.

294 4224 383 4268 vesana,
393 4211 435 4260 ubi
445 4221 497 4260 erat
506 4219 583 4277 poetar
594 4227 661 4261 uror.
773 4248 786 4267 1
875 4217 916 4265 5³.
943 4215 1019 4264 Victor
1039 4214 1180 4278 himma]
1203 4213 1344 4278 Capaneum

326 4283 777 4349 tl.liaectu1.]fficdiaanatalinus.
842 4289 962 4355 designat,
978 4288 1009 4339 de
1027 4305 1075 4355 qno
1093 4287 1205 4337 diumur.
1238 4284 1269 4333 la
1282 4300 1345 4335 orces

326 4358 368 4406 ⁴³.
379 4357 460 4407 mida
476 4359 522 4407 lar
538 4376 608 4407 morea
624 4361 672 4409 illia
693 4361 794 4410 heroibus
846 4363 975 4414 Echinum.
991 4360 1238 4411 luarcesTbebanaa.
1252 4358 1345 4410 Echion

293 4447 373 4495 quor,
391 4431 460 4486 Queri
480 4433 793 4498 antropomereos
843 4436 909 4487 enim
926 4435 972 4485 luit
987 4450 1049 4484 unua
1064 4450 1094 4483 ex
1112 4433 1183 4483 sociis
1197 4430 1291 4488 Cadmi,
1302 4432 1344 4496 qui

293 4520 337 4568 que
352 4505 438 4570 parm]
464 4507 503 4555 De
519 4506 614 4557 lerninis
631 4507 694 4573 agit:
711 4508 794 4557 Scribe
844 4509 1045 4561 cumeo'l'lrebaa
1055 4506 1173 4556 condidit.

294 4577 450 4643 igiturleroir
467 4584 492 4629 in
505 4597 560 4630 curn
576 4582 706 4648 scaligero,
721 4580 792 4647 ἡρωΐ-
877 4586 920 4634 54.
939 4581 1069 4644 Ermum]
1098 4582 1202 4630 Uxorem
1222 4580 1342 4649 Capanei:

294 4668 344 4703 σιν.
370 4653 418 4702 Sed
436 4654 540 4705 nondum
558 4665 655 4705 sanatus
669 4664 705 4705 eat
720 4656 794 4705 locus.
844 4658 913 4723 cnjna
922 4663 1050 4705 moranota
1059 4663 1105 4707 eat.
