3609 5967
464 693 509 758 96
747 696 786 758 Ρ.
810 693 972 759 OVIDII
996 693 1213 763 NASONIS

464 866 585 941 Poma
597 868 664 941 dat
675 879 897 941 autumnus:
917 866 1079 943 formose
1095 880 1154 945 est
1170 872 1357 948 messibus
1372 887 1500 953 aestas:

512 983 588 1057 Ver
605 973 749 1082 praebet
764 983 895 1057 flores:
924 985 1011 1081 igne
1028 986 1171 1060 levatur
1188 987 1321 1063 hiems.

463 1099 711 1198 Temporibus
728 1099 840 1172 certis
858 1110 1041 1175 maturam
1058 1104 1219 1178 rusticus
1238 1129 1349 1178 uvsrn

500 1201 686 1311 'Deligits
703 1227 742 1290 et
758 1216 859 1289 nudo
877 1217 948 1291 sub
965 1217 1063 1314 pede
1080 1231 1206 1293 inusta
1221 1220 1363 1296 fluunt:
1430 1227 1500 1297 190

461 1332 708 1431 Temporibus
726 1331 837 1405 certis
854 1332 1027 1407 desectas
1046 1334 1187 1432 adligat
1203 1336 1360 1427 herbas3

511 1447 563 1521 Et
577 1459 724 1521 tonsam
742 1471 824 1520 raro
841 1448 991 1545 pectine
1008 1452 1121 1524 verrit
1137 1452 1305 1525 humum.

461 1564 551 1663 Ipse
568 1575 676 1662 potes
694 1563 809 1658 riguis
826 1562 993 1660 plantam
1012 1565 1199 1663 deponere
1216 1567 1255 1640 in
1272 1568 1411 1641 hortis:

512 1678 599 1777 Ipse
616 1688 723 1777 potes
741 1678 838 1751 rivos
855 1678 994 1779 ducere
1011 1680 1104 1753 lenis
1122 1705 1244 1779 aquae.

459 1793 615 1868 Venerit
630 1793 775 1881 insiti03
804 1792 862 1867 fac
880 1816 1024 1868 ramum
1041 1818 1166 1869 ramus
1184 1798 1359 1897 adoptet:
1429 1801 1498 1873 195

511 1909 670 2012 Stetque
688 1908 893 2006 peregrinis
912 1909 1020 1982 arbor
1036 1920 1168 2009 operta
1183 1913 1313 1987 comis.

462 2025 561 2098 Cum
578 2025 696 2097 semel
715 2024 796 2097 haec
815 2024 980 2098 animum
999 2026 1115 2129 coepit
1132 2029 1296 2103 mulcere
1313 2028 1496 2127 voluptas,

396 2148 400 2155 ’
512 2139 711 2213 Debilibus
729 2139 861 2236 pennis
879 2139 1003 2213 irritus
1021 2142 1099 2215 exit
1113 2140 1240 2216 Amor.
1506 2142 1509 2147 ’

460 2254 531 2329 Vel
547 2267 590 2328 tu
605 2254 764 2328 venandi
782 2253 947 2328 studium
965 2255 1059 2330 cole.
1088 2280 1188 2355 saepe
1206 2258 1361 2331 recessit

508 2369 682 2469 Turpiter
699 2392 722 2443 u
739 2368 872 2443 Phoebi
889 2368 988 2443 victa
1003 2394 1129 2446 sorore
1146 2371 1288 2447 Venus.
1423 2379 1497 2447 200

458 2694 522 2739 nina
535 2700 596 2738 tortu
612 2688 714 2755 optimus
732 2689 875 2740 Puteaneus
893 2705 952 2755 quo·
1004 2688 1051 2739 vid.
1062 2691 1128 2741 Serv.
1138 2692 1169 2742 sd
1184 2692 1251 2757 Virg.
1261 2691 1278 2741 i.
1288 2692 1375 2757 Goorg.
1390 2694 1431 2742 94.
1445 2707 1497 2741 rer·

458 2764 604 2830 modojiroes
618 2768 681 2821 tuti,
691 2766 772 2827 capilli
786 2768 849 2822 torn,
859 2774 885 2814 et
898 2763 953 2813 slis.
1003 2774 1068 2813 satur
1076 2774 1139 2815 terre
1149 2776 1233 2823 srsuo,
1243 2765 1328 2816 deinde
1335 2766 1402 2831 jscts
1408 2765 1497 2814 semiss

457 2840 517 2887 retis
528 2848 587 2886 tortu
598 2836 661 2903 opud
671 2837 847 2895 'libullum‚lib.
858 2838 953 2895 iv.lll,
1002 2838 1082 2888 rastris
1098 2841 1235 2898 obruuntur,
1252 2840 1315 2905 quod
1334 2839 1453 2905 proprium
1470 2840 1496 2887 iu

459 2913 498 2960 12.
531 2911 642 2974 Tarquen
661 2909 724 2959 enim
743 2926 786 2975 pro
805 2912 908 2959 flectere.
926 2918 954 2959 ut
1002 2911 1047 2961 hsc
1058 2928 1082 2961 re
1093 2914 1190 2962 verbum
1199 2912 1278 2979 posuit
1286 2928 1358 2978 suprs
1368 2928 1430 2961 vers.
1442 2912 1497 2962 173.

457 3002 538 3052 optusis
550 2984 617 3034 freno
632 2995 744 3048 torquere.
760 2984 837 3050 Epist.
850 2984 882 3033 iv.
892 3000 953 3033 vers.
1002 2992 1030 3033 ut
1045 2993 1070 3034 et
1084 2986 1202 3037 Columel.
1212 2986 1237 3035 ii.
1248 3002 1302 3053 cup.
1314 2988 1352 3035 13.
1361 2993 1387 3035 et
1401 2984 1496 3035 Psllssl.

457 3061 497 3107 16.
507 3067 533 3107 et
543 3059 794 3123 reponeremus
804 3057 953 3121 pumlegi.
1002 3058 1080 3125 Aprili
1089 3060 1136 3109 Tit.
1146 3059 1163 3109 i.
1174 3060 1212 3109 hic
1224 3076 1278 3109 vero
1289 3062 1346 3125 quis
1355 3070 1440 3109 tonsum
1450 3060 1494 3107 lu-

457 3148 513 3181 nam
529 3134 616 3180 unnim
636 3147 708 3181 curva
727 3146 774 3179 uon
795 3129 898 3196 placent.
918 3130 953 3180 sic
1002 3150 1062 3181 mum
1083 3132 1148 3191 dicit,
1168 3133 1280 3199 intelligit
1299 3142 1367 3199 prsts
1392 3132 1497 3189 dacels,

457 3204 760 3270 spudMsrooem,1i.65.
1002 3222 1055 3271 quse
1066 3216 1196 3266 uniuntur,
1207 3208 1350 3257 cumherbre
1359 3206 1496 3256 rsstellisin

554 3278 647 3332 Quernas
658 3286 769 3326 teruntur
780 3279 863 3325 vimine
872 3286 952 3327 crates.
1001 3296 1074 3329 uuum
1095 3290 1270 3338 converruntur,
1288 3282 1326 3331 vel
1347 3279 1424 3347 potius
1443 3287 1496 3345 post

846 3350 936 3401 llum.
1002 3354 1212 3405 loeuumsvectum
1227 3354 1342 3420 reliquis.
1374 3356 1410 3403 Ds
1422 3356 1496 3417 pratis

458 3426 539 3473 Demo
548 3426 635 3473 vimina
649 3441 721 3473 maroa
734 3440 788 3472 cauo
802 3423 918 3475 Musis.
928 3434 953 3475 et
1001 3432 1109 3490 stipulum
1116 3432 1293 3487 rmllbsradi,
1300 3430 1334 3478 sit
1340 3429 1424 3485 Varro,
1430 3427 1472 3476 lib.
1478 3426 1496 3476 i.

457 3498 559 3566 Aprosii·
1001 3502 1183 3553 reuulso.
1215 3504 1304 3553 nunu.

491 3574 545 3622 191.
561 3572 666 3621 Detentus
675 3573 759 3637 alligat
769 3572 867 3635 totas]
882 3572 952 3621 Colli·
1035 3578 1089 3626 195.
1106 3578 1204 3626 &mum
1218 3593 1296 3626 ramus
1308 3575 1420 3639 adoptet]
1437 3574 1494 3623 Ele·

454 3650 491 3713 gis
500 3646 576 3713 prims
585 3645 952 3711 editiocumscriptisnonnullis.
1000 3650 1065 3717 gsnti
1080 3651 1125 3700 hsc
1139 3650 1290 3701 osmutione
1304 3650 1380 3715 politis
1394 3657 1420 3698 et
1434 3650 1496 3698 Nos-

456 3721 530 3770 codcs
554 3719 641 3769 Mor-eti
667 3736 709 3785 pro
729 3719 823 3769 diverse
843 3720 952 3779 lectione,
1002 3732 1037 3773 tro
1059 3726 1177 3790 precipue
1198 3723 1357 3781 usitatissima,
1376 3721 1450 3772 utitur
1470 3730 1496 3771 et

456 3806 575 3860 aggregat.
599 3794 668 3843 Forte
682 3804 786 3860 aggerat,
803 3801 831 3843 ut
843 3794 874 3844 de
888 3794 952 3844 loeuo
1002 3795 1094 3847 Plinius
1108 3797 1244 3863 prclstioue
1262 3796 1316 3845 libri
1332 3798 1434 3845 snaivs
1450 3797 1497 3844 illa

455 3868 581 3933 intelliget,
592 3867 656 3933 quod
669 3868 815 3918 convertitur
831 3876 856 3917 et
869 3869 895 3916 iu
910 3884 952 3917 co·
1000 3874 1128 3928 sternetur
1141 3873 1169 3917 ab
1183 3872 1271 3919 lomim
1288 3872 1389 3919 didicere
1404 3870 1496 3917 blandos
1548 3886 1555 3902 ·

456 3942 532 3991 mulos
547 3950 705 3991 comitetur.
716 3958 775 4007 quos
789 3952 871 3992 metam
880 3944 951 4008 feni,
1000 3961 1086 4007 sapores
1093 3946 1210 4007 sdoptloru
1218 3953 1240 3991 st
1248 3945 1365 3991 connubio.
1371 3951 1496 3991 venustum

454 4018 632 4082 etfoentstrtam
647 4015 693 4065 Rei
709 4016 815 4067 Rustica
828 4016 952 4082 scriptores
1001 4018 1073 4067 etism
1085 4016 1195 4079 Csllinjci
1205 4015 1357 4082 Epigrsmms
1366 4016 1392 4064 in
1400 4015 1494 4064 Antho-

455 4090 588 4157 appellent.
621 4089 711 4139 Herus.
1001 4091 1071 4157 logis,
1088 4091 1130 4140 lib.
1149 4090 1165 4139 i.
1185 4106 1238 4156 esp.
1259 4091 1300 4140 20.
1321 4090 1362 4139 ubi
1386 4090 1497 4155 Pyra-ster

488 4165 544 4214 192.
570 4164 647 4213 Vme
666 4163 778 4225 tunm]
806 4163 893 4221 Versat,
913 4164 952 4213 vel
1000 4164 1091 4230 iuquit:
1165 4170 1167 4175 '

452 4240 522 4287 ursit
548 4236 646 4301 quidum
666 4235 755 4302 scripti.
775 4237 839 4301 quod
860 4237 953 4287 ridetur
1032 4237 1147 4295 Ὀθνείοις
1162 4236 1239 4293 olom
1247 4235 1402 4303 ptrtppvroc,
1417 4235 1496 4300 ἣμερα

453 4314 552 4377 probare
562 4312 722 4360 Bersmsnuus
733 4326 762 4359 ex
777 4310 826 4359 illis
840 4310 925 4376 virgil.
936 4312 953 4361 i.
1095 4310 1188 4361 θάλλω.

455 4386 576 4450 θοοιμ.
589 4386 610 4433 1.
645 4384 696 4439 Quo
708 4387 781 4433 sidero
797 4392 882 4433 umis
898 4385 952 4435 Ver-
1066 4384 1115 4435 Οὺε
1136 4384 1195 4449 ἱμὸν
1216 4382 1339 4451 ἡμετίροις
1360 4381 1438 4433 κλωσὶ
1454 4378 1495 4445 φέ-

455 4469 508 4507 tere.
540 4459 617 4509 Male.
628 4474 684 4507 uam
699 4459 779 4507 rastris
796 4474 843 4507 nou
853 4462 954 4508 uertitur
1097 4474 1175 4522 ponsa
1183 4456 1268 4522 βάρος.
1407 4456 1496 4504 Bonis.

453 4540 524 4590 terre,
535 4531 578 4582 sed
594 4534 696 4591 roditur,
707 4532 771 4582 nude
787 4531 853 4582 diets
866 4543 951 4589 rostro,
