3609 5967
420 789 490 855 Ex
514 785 677 854 ΡΟΝΤΟ
701 784 793 851 LIB.
818 782 881 850 IV.
906 782 1055 852 EPIST.
1079 784 1142 851 IV.
1242 787 1309 855 489

257 964 340 1040 Nec
358 962 495 1039 sterilis
513 961 619 1035 locus
638 960 737 1033 ullus
755 957 809 1032 ite
825 966 898 1044 est,
914 967 958 1030 ut
974 982 1051 1033 non
1068 960 1119 1034 sit
1135 961 1175 1035 in
1192 961 1258 1036 illo
1309 978 1312 983 ’

307 1079 427 1154 Mista
444 1078 521 1153 fere
538 1076 642 1151 duris
660 1074 763 1151 utilis
781 1074 900 1149 herba
917 1075 1035 1148 rubis.

259 1197 325 1270 Nil
343 1197 438 1271 adeo
456 1194 607 1269 fortuna
624 1190 747 1290 gravis
765 1190 981 1265 miserabile
996 1188 1099 1279 fecit,
1289 1196 1313 1268 d

312 1312 366 1387 Ut
383 1312 556 1419 minuant
572 1310 678 1385 nulla
694 1308 833 1407 gaudia
849 1317 958 1407 parte
974 1308 1129 1383 malum.
1177 1404 1183 1413 ¹

236 1428 238 1435 ‘
260 1428 362 1504 Ecce
378 1430 503 1515 domo,
518 1428 720 1526 patriaque
735 1450 882 1515 carens,
895 1426 1094 1523 oculisque
1112 1448 1295 1512 meorum,

311 1543 528 1641 Naufragus
546 1544 585 1616 in
604 1542 730 1618 Getici
748 1541 868 1615 litoris
887 1552 995 1616 actus
1014 1564 1155 1639 aquas3

259 1659 357 1749 Qua,
377 1671 507 1735 tamen
524 1659 663 1747 inveni,
681 1660 828 1734 vultum
844 1656 1071 1744 diffundere,
1091 1681 1258 1745 causam,

312 1776 483 1865 Possem,
502 1776 661 1851 fortunae
678 1800 749 1850 nec
768 1773 986 1849 meminisse
1004 1798 1111 1851 meae.
1270 1781 1315 1849 10

262 1892 363 1969 Nam
381 1892 487 1979 mihi,
507 1917 625 1991 quum
643 1892 746 1967 fulva
762 1892 881 1967 tristis
899 1890 1084 1990 spatiarer
1101 1914 1227 1981 arena,

311 2008 405 2083 Visa
421 2016 481 2083 est
499 2030 522 2081 a
538 2018 644 2112 tergo
662 2030 791 2106 penna
807 2007 961 2081 dedisse
979 2030 1126 2081 sonum.

263 2124 465 2223 Respicis:
494 2147 564 2197 nec
589 2146 726 2223 corpus
744 2133 827 2199 erat
844 2123 947 2221 quod
965 2146 1121 2197 cernere
1138 2148 1313 2222 possem:

312 2238 440 2315 Verba
457 2248 585 2313 tamen
603 2249 691 2312 sunt
708 2238 790 2312 haec
809 2262 899 2313 aure
918 2249 1073 2336 recepta
1089 2263 1195 2315 mea:

262 2356 413 2453 En·eg0
430 2354 729 2429 laetarumvenio
746 2354 817 2428 tibi
835 2354 969 2428 nuntia
985 2378 1123 2443 rerum,
1271 2359 1315 2430 15

314 2472 432 2546 Fama
449 2494 517 2568 per
534 2470 740 2544 immensas
758 2493 845 2543 aere
862 2471 971 2567 lapsa
986 2470 1079 2544 vias.

264 2586 433 2661 Consule
453 2586 649 2686 Pompeio,
669 2610 746 2685 quo
764 2611 839 2662 non
857 2586 928 2660 tibi
946 2586 1066 2659 carior
1083 2587 1189 2674 alter,

314 2688 512 2777 Candidus
530 2712 570 2776 et
587 2702 678 2776 felix
696 2702 892 2800 proximus
911 2724 1032 2785 annus
1050 2703 1133 2777 erit.

265 2818 394 2894 Dixit:
423 2830 475 2906 et,
496 2828 538 2892 ot
553 2820 642 2893 laeto
660 2819 826 2893 Pontum
845 2842 993 2892 rumore
1010 2818 1181 2916 replevit,

314 2935 374 3009 Ad
394 2946 528 3034 gentes
547 2935 639 3011 alias
657 2934 744 3011 hinc
764 2934 849 3011 Dea
865 2934 977 3010 vertit
994 2934 1077 3008 iter.
1267 2940 1317 3008 20

236 3038 238 3041 ⁵
264 3051 317 3125 At
333 3052 437 3139 mihi,
456 3051 614 3151 dilapsis
633 3051 730 3127 inter
748 3076 845 3128 nova
863 3049 1134 3148 gaudiacum,

317 3166 471 3242 Excidit
489 3166 674 3267 asperitas
692 3166 804 3267 hujus
823 3166 956 3265 iniqua
971 3165 1067 3256 loci.¹
1104 3172 1107 3177 ’

266 3282 368 3381 Ergo
384 3284 462 3370 ubi,
478 3282 501 3357 J
505 3292 577 3359 ane
593 3283 738 3383 biceps,
752 3285 907 3381 longum
922 3281 1146 3358 reseraveris
1162 3305 1315 3371 annum,

315 3400 455 3477 Pulsus
474 3412 513 3475 et
530 3426 554 3477 a
571 3426 678 3477 sacro
696 3425 828 3479 mense
845 3400 1048 3479 december
1065 3398 1158 3488 erit3

299 3588 322 3635 4.
337 3586 409 3637 Utilia
423 3587 513 3651 leurdo]
530 3586 613 3637 Herbe
629 3587 709 3637 ferens
724 3586 768 3636 uli·
850 3586 891 3634 ²³.
905 3584 1012 3649 latagum
1026 3582 1135 3646 m]
1154 3582 1260 3647 Longum
1274 3582 1317 3630 ad-

265 3675 338 3725 quam
351 3659 488 3709 utilitatem.
522 3661 596 3709 Duris
606 3662 678 3710 redu.
695 3660 769 3709 Duris
817 3660 943 3726 pellata
959 3656 1048 3707 effectu
1061 3656 1201 3723 poemeni
1216 3674 1264 3722 pra
1282 3656 1318 3705 ui·

265 3734 356 3799 ⁸?th
372 3734 622 3791 utsunrcudussc.
648 3734 768 3800 Degene-
818 3734 866 3784 mio
881 3732 999 3784 desiderio
1015 3732 1099 3781 tardus
1112 3739 1140 3780 et
1152 3729 1244 3795 longior
1253 3731 1319 3779 vids-

181 3804 192 3815 ”
247 3808 332 3858 ·ribus
348 3808 489 3859 carduorum
501 3808 605 3857 Plinium
616 3807 690 3873 legito
700 3808 768 3859 xviii.
817 3815 857 3857 tur
872 3805 986 3872 incipere.
1020 3804 1095 3861 Anni,
1112 3804 1231 3853 communi
1253 3804 1319 3853 Lati·

268 3882 308 3930 44.
319 3890 344 3932 et
355 3883 388 3931 sl.
399 3891 424 3932 et
435 3882 571 3932 Palladium
580 3882 611 3931 iv.
619 3884 644 3931 9.
819 3896 902 3931 nomm
912 3876 1320 3935 mundandantummodouu-

299 3957 324 4005 7.
342 3958 463 4022 Oculispue
479 3956 600 4020 meorum]
619 3956 650 4005 Et
665 3972 768 4021 praesen-
818 3970 883 4005 moro
903 3953 1062 4021 reperiuntur.
1096 3953 1200 4001 Levioris
1220 3953 1319 4018 quidem

268 4030 303 4079 tia
316 4030 455 4081 amicorum.
481 4031 521 4080 Sic
535 4030 588 4080 cte.
600 4030 632 4079 ed
646 4029 768 4080 Familias.
818 4030 917 4095 primus,
926 4029 1033 4077 omnium
1049 4026 1211 4085 brevissume,
1222 4028 1263 4094 qui
1277 4027 1319 4075 tri-

270 4104 353 4153 Oouloe
367 4106 447 4153 saltem
465 4105 605 4171 effugiamus
625 4106 728 4163 illorum,
749 4108 769 4153 ω’
818 4103 886 4168 ginta
904 4103 996 4152 dierum
1011 4101 1090 4167 spatio
1106 4116 1201 4151 cursum
1215 4102 1320 4167 perfecte

268 4194 525 4242 ssrssnoupossumss.
818 4176 919 4243 peragit.
955 4176 1050 4232 Solam,
1071 4174 1102 4223 de
1123 4190 1171 4239 qno
1190 4174 1319 4239 sepissime

301 4253 327 4299 9.
349 4252 446 4303 Vultum
465 4252 618 4318 dwanaldo]
646 4251 768 4302 Gaudium
818 4259 894 4316 poete
905 4250 1044 4315 loquuntur,
1056 4246 1317 4314 quipermensesduo·

269 4324 382 4375 diffundit
398 4326 541 4392 spiritus,et
554 4326 611 4375 hinc
627 4324 700 4375 ctiam
715 4326 768 4375 vul·
818 4322 907 4373 decim.
948 4324 980 4372 Et
999 4338 1105 4386 mma,
1125 4322 1167 4386 qui
1193 4319 1320 4395 dopdecim

201 4410 205 4425 ¹
270 4406 329 4448 tum.
351 4398 458 4449 ‘histilia
472 4409 554 4450 contra
569 4398 665 4465 spiritus
678 4408 769 4450 contra·
819 4396 896 4446 millia
913 4412 1036 4453 annsmm,
1050 4392 1193 4459 quingentos
1209 4402 1234 4443 et
1250 4394 1318 4460 quin-

269 4471 458 4523 lritcumvultu.
484 4474 561 4523 Pons.
820 4470 938 4535 quaginta
948 4467 1064 4517 continet.

305 4548 343 4595 ll.
359 4546 544 4611 Fullonium]
563 4546 592 4599 In
610 4544 769 4598 litoreTomi·
852 4547 893 4595 24.
917 4546 937 4592 A
958 4560 1023 4592 mero
1040 4541 1135 4604 mm]
1153 4539 1177 4589 A
1195 4540 1321 4600 deriuatio,

264 4628 335 4677 ‚tana
821 4614 1014 4684 quiescerent
1032 4616 1166 4667 JnnoDeo.
1200 4615 1255 4665 Erit
1264 4618 1319 4679 pul-
