3609 5967
445 752 513 817 1oe
735 752 774 816 Ρ.
799 748 960 817 ovlml
986 747 1198 815 NASONIS

451 923 516 999 Sic
533 925 624 997 mihi
637 924 797 1022 juravit:
826 924 959 999 sicma
973 926 1101 1022 jurata
1117 920 1265 998 refellit.

500 1039 602 1115 Ante
619 1065 726 1116 suam
739 1041 889 1140 quoties
905 1062 1020 1139 passa
1031 1042 1160 1137 jacere
1176 1038 1312 1113 soreml

452 1155 589 1253 Diligit
604 1158 689 1255 ipsa
705 1157 817 1245 alios;
847 1181 948 1231 ame
963 1154 1109 1229 fastidit
1126 1155 1255 1229 amari.
1420 1161 1496 1232 305

502 1269 660 1346 Institcr
677 1274 750 1348 heu
768 1286 914 1358 noctes,
930 1294 1027 1371 quas
1044 1271 1137 1345 mihi
1154 1296 1231 1346 non
1247 1272 1325 1359 dat,
1345 1272 1477 1347 habet!

453 1386 547 1461 Haec
564 1387 634 1462 tibi
650 1412 720 1487 per
736 1397 839 1463 totos
855 1388 1076 1463 inacescant
1092 1388 1218 1462 omnia
1232 1410 1388 1463 sensus:

503 1501 597 1577 Haec
614 1505 728 1580 refer:
755 1504 845 1579 hinc
861 1504 939 1578 odii
956 1504 1102 1579 semina
1118 1528 1245 1602 quaere
1262 1504 1330 1579 tui.

449 1618 578 1717 Atque
595 1622 738 1695 utinam
754 1621 879 1719 possis
894 1622 1011 1695 etiam
1028 1619 1213 1695 facundus
1231 1619 1271 1693 in
1288 1620 1363 1694 illis

504 1734 616 1810 Essel
642 1738 730 1813 dole
746 1748 911 1828 tantum;
941 1747 1076 1836 sponte
1093 1736 1258 1810 disertus
1271 1735 1360 1810 eris.
1421 1740 1495 1810 310

454 1848 628 1929 Haeserat
644 1854 683 1926 in
700 1855 868 1953 quidam
887 1878 1008 1953 nuper
1024 1877 1111 1928 mea
1126 1876 1218 1927 euru
1233 1852 1364 1951 puelli
1377 1878 1388 1926 :

504 1968 744 2045 Conveniens
760 1972 885 2046 animo
902 1980 978 2045 no'n
995 1981 1078 2045 erat
1094 1968 1161 2044 illa
1176 1993 1274 2043 meo.

453 2080 624 2159 Curabar
639 2086 800 2185 propriis
816 2112 918 2185 aeger
934 2085 1147 2163 Podalirius
1164 2086 1312 2161 herbis:

505 2197 556 2273 Et
572 2200 725 2297 (fateor)
742 2203 912 2279 medicus
929 2204 1090 2303 turpiter
1106 2226 1208 2300 oeger
1228 2224 1345 2278 eram.

455 2311 601 2389 Profuit
617 2316 775 2391 adsidue
791 2318 893 2393 vitiis
911 2318 1084 2393 insistere
1101 2318 1245 2393 amicat.
1421 2318 1495 2391 315

504 2428 629 2528 ldque
645 2432 737 2506 milri
752 2432 894 2507 factum
910 2456 1014 2532 soepe
1031 2433 1180 2507 salubre
1197 2431 1282 2507 fuit.

453 2543 577 2629 Quam
593 2551 693 2623 mala
708 2561 797 2625 sunt
812 2560 964 2636 nostrae,
982 2550 1169 2635 dicebam,
1188 2572 1298 2623 crura
1313 2546 1467 2648 puellael

504 2662 587 2739 Nec
603 2675 742 2754 tamen,
760 2679 803 2741 ut
818 2690 905 2742 vere
923 2667 1180 2753 confiteamur,
1200 2676 1319 2740 erant.
1376 2654 1378 2659 ’

455 2777 618 2855 Brachia
633 2804 749 2879 quam
765 2808 840 2857 non
858 2793 947 2857 sunt
964 2793 1102 2857 nostrae
1120 2780 1287 2855 formosa
1304 2778 1457 2880 puelloel

502 2894 554 2969 Et
570 2906 709 2986 tamen,
728 2910 773 2975 ut
788 2923 876 2974 vere
892 2898 1151 2985 confiteamur,
1171 2908 1291 2973 erant.
1417 2899 1492 2969 320

455 3009 577 3095 Quam
600 3013 725 3088 brevis
747 3015 822 3088 est!
850 3024 1031 3089 necerat.
1060 3036 1175 3111 quam
1195 3013 1358 3088 multum
1375 3009 1499 3111 poscit

605 3130 812 3205 amanteml

504 3241 605 3316 Hinc
623 3244 710 3318 odio
727 3244 831 3318 venit
847 3245 1013 3319 maxima
1030 3268 1166 3319 caussa
1183 3268 1281 3319 meo.

455 3356 506 3431 Et
521 3361 623 3433 mala
639 3371 727 3434 sunt
742 3360 866 3435 vicina
882 3362 1003 3435 bonis,
1031 3385 1155 3437 errore
1174 3363 1244 3436 sub
1261 3360 1327 3436 illo

504 3472 580 3547 Pro
597 3475 687 3549 vitio
704 3477 821 3551 virtus
839 3478 997 3552 crimina
1014 3502 1115 3576 saepe
1132 3478 1231 3552 tulit.
1301 3546 1310 3565 ,

453 3587 577 3673 Quam
594 3601 716 3688 potes,
733 3594 772 3667 in
790 3594 899 3691 pejus
920 3595 1028 3667 dotes
1046 3592 1209 3669 deflecte
1226 3593 1381 3691 puellae:
1419 3598 1492 3671 325

502 3704 526 3777 J
529 3705 770 3805 udiciumque
788 3709 891 3783 brevi
910 3708 1029 3785 limite
1046 3707 1136 3783 falle
1154 3718 1275 3783 tuum.

453 3818 630 3917 Turgida,
650 3823 682 3897 si
699 3825 813 3923 plena
828 3836 910 3916 est;
940 3826 971 3899 si
989 3823 1097 3899 fusca
1113 3833 1184 3911 est,
1204 3823 1312 3921 nigra
1327 3833 1494 3899 vocetur.

503 3933 549 4008 lu
566 3938 695 4033 gracili
712 3942 852 4016 macies
870 3943 1013 4016 crimen
1031 3942 1170 4017 habere
1189 3951 1329 4041 potest.

483 4154 541 4203 ³06.
557 4152 675 4220 Institor]
693 4155 877 4209 nonullam.
888 4161 913 4209 6.
998 4174 1054 4209 cum
1064 4156 1412 4223 Puteauenetrlrgentiuensi.
1428 4154 1498 4204 aliter

516 4229 745 4279 Seuvomtinrtitor.
999 4250 1082 4285 nurus
1092 4250 1140 4284 aon
1149 4234 1274 4284 contullit.
1306 4233 1395 4281 Harrs.

449 4302 481 4350 Iit
495 4302 572 4367 Epod.
583 4301 641 4352 xvii.
653 4305 737 4353 Amata
752 4308 831 4355 nautis
849 4310 950 4356 multam
1032 4311 1092 4359 ³2³.
1119 4309 1150 4357 Er
1170 4311 1232 4358 mala
1251 4316 1305 4357 runt
1325 4308 1401 4355 uicina
1416 4303 1498 4368 mu]

448 4386 470 4423 et
478 4379 627 4426 institoribus.
642 4378 707 4427 unda
716 4378 867 4443 appamiae
874 4396 950 4446 genui
999 4382 1073 4449 Lego,
1083 4392 1111 4431 ut
1128 4384 1189 4431 mula
1202 4392 1256 4431 runt
1270 4382 1345 4429 sirim
1360 4380 1436 4427 bonu:
1452 4378 1498 4427 hue

449 4450 675 4515 cunoemptisrirnum
707 4449 780 4501 friusa
810 4454 950 4519 antiquitus.
998 4466 1044 4513 est,
1062 4456 1273 4523 quemadmodum.
1300 4454 1376 4503 Inrrr.
1409 4450 1500 4511 livius,

452 4522 553 4572 Dovza·
999 4530 1042 4579 lib.
1050 4530 1109 4580 xxii.
1122 4533 1159 4579 12.
1170 4530 1281 4595 effingam
1291 4532 1367 4579 ticina
1377 4531 1501 4578 virtutibus

484 4597 542 4647 32⁰.
561 4596 609 4648 Nec
619 4600 714 4664 tunm]
733 4600 766 4649 Et
782 4610 857 4651 tam
870 4600 949 4651 scribe
999 4607 1065 4653 vitiu.
