<?xml version="1.0" encoding="UTF-8"?>
<!DOCTYPE html PUBLIC "-//W3C//DTD XHTML 1.0 Transitional//EN"
    "http://www.w3.org/TR/xhtml1/DTD/xhtml1-transitional.dtd">
<html xmlns="http://www.w3.org/1999/xhtml" xml:lang="en" lang="en">
 <head>
  <title>
</title>
<meta http-equiv="Content-Type" content="text/html;charset=utf-8" />
  <meta name='ocr-system' content='tesseract 3.04.00' />
  <meta name='ocr-capabilities' content='ocr_page ocr_carea ocr_par ocr_line ocrx_word'/>
</head>
<body>
  <div class='ocr_page' id='page_1' title='image "./opera02giergoog_0417.png"; bbox 0 0 3609 5967; ppageno 0'>
   <div class='ocr_carea' id='block_1_1' title="bbox 449 766 1328 852">
    <p class='ocr_par' dir='ltr' id='par_1_1' title="bbox 449 766 1328 852">
     <span class='ocr_line' id='line_1_1' title="bbox 449 766 1328 852; baseline -0.003 0"><span class='ocrx_word' id='word_1_1' title='bbox 449 787 518 852; x_wconf 80' lang='lat' dir='ltr'>nx</span> <span class='ocrx_word' id='word_1_2' title='bbox 542 782 702 850; x_wconf 76' lang='lat' dir='ltr'>rouro</span> <span class='ocrx_word' id='word_1_3' title='bbox 727 779 819 847; x_wconf 83' lang='lat' dir='ltr'>mu.</span> <span class='ocrx_word' id='word_1_4' title='bbox 844 766 894 843; x_wconf 85' lang='lat'>11.</span> <span class='ocrx_word' id='word_1_5' title='bbox 920 778 1066 845; x_wconf 83' lang='lat' dir='ltr'>nrrsr.</span> <span class='ocrx_word' id='word_1_6' title='bbox 1093 781 1163 848; x_wconf 92' lang='lat'>111.</span> <span class='ocrx_word' id='word_1_7' title='bbox 1264 784 1328 849; x_wconf 75' lang='lat'>411</span> 
     </span>
    </p>
   </div>
   <div class='ocr_carea' id='block_1_2' title="bbox 286 957 1338 3031">
    <p class='ocr_par' dir='ltr' id='par_1_2' title="bbox 286 957 1325 1169">
     <span class='ocr_line' id='line_1_2' title="bbox 286 957 1325 1059; baseline -0.003 -22"><span class='ocrx_word' id='word_1_8' title='bbox 286 963 422 1049; x_wconf 87' lang='lat' dir='ltr'>Cerne,</span> <span class='ocrx_word' id='word_1_9' title='bbox 436 960 531 1059; x_wconf 91' lang='lat' dir='ltr'>quid</span> <span class='ocrx_word' id='word_1_10' title='bbox 548 957 723 1033; x_wconf 79' lang='lat' dir='ltr'>AEncides</span> <span class='ocrx_word' id='word_1_11' title='bbox 740 962 827 1055; x_wconf 87' lang='lat' dir='ltr'>post</span> <span class='ocrx_word' id='word_1_12' title='bbox 843 962 1003 1029; x_wconf 83' lang='lat' dir='ltr'>mortem</span> <span class='ocrx_word' id='word_1_13' title='bbox 1021 966 1175 1053; x_wconf 84' lang='lat' dir='ltr'>praestet</span> <span class='ocrx_word' id='word_1_14' title='bbox 1188 959 1325 1034; x_wconf 84' lang='lat' dir='ltr'>amico:</span> 
     </span>
     <span class='ocr_line' id='line_1_3' title="bbox 337 1066 1191 1169; baseline -0.005 -18"><span class='ocrx_word' id='word_1_15' title='bbox 337 1077 463 1151; x_wconf 87' lang='lat' dir='ltr'>Instar</span> <span class='ocrx_word' id='word_1_16' title='bbox 479 1087 519 1149; x_wconf 90' lang='lat' dir='ltr'>et</span> <span class='ocrx_word' id='word_1_17' title='bbox 535 1075 632 1149; x_wconf 82' lang='lat' dir='ltr'>hunc</span> <span class='ocrx_word' id='word_1_18' title='bbox 649 1073 765 1148; x_wconf 78' lang='lat' dir='ltr'>vitam</span> <span class='ocrx_word' id='word_1_19' title='bbox 781 1066 914 1143; x_wconf 85' lang='lat' dir='ltr'>mortis</span> <span class='ocrx_word' id='word_1_20' title='bbox 933 1070 1071 1145; x_wconf 80' lang='lat' dir='ltr'>habere</span> <span class='ocrx_word' id='word_1_21' title='bbox 1089 1082 1191 1169; x_wconf 82' lang='lat' dir='ltr'>puta.</span> 
     </span>
    </p>

    <p class='ocr_par' dir='ltr' id='par_1_3' title="bbox 288 1186 1296 1408">
     <span class='ocr_line' id='line_1_4' title="bbox 288 1186 1296 1288; baseline -0.002 -21"><span class='ocrx_word' id='word_1_22' title='bbox 288 1194 498 1268; x_wconf 87' lang='lat' dir='ltr'><strong>Pirithoum</strong></span> <span class='ocrx_word' id='word_1_23' title='bbox 515 1191 686 1266; x_wconf 81' lang='lat' dir='ltr'>Theseus</span> <span class='ocrx_word' id='word_1_24' title='bbox 706 1187 860 1288; x_wconf 79' lang='lat' dir='ltr'>Stygias</span> <span class='ocrx_word' id='word_1_25' title='bbox 877 1186 1071 1261; x_wconf 84' lang='lat' dir='ltr'><strong>comitavit</strong></span> <span class='ocrx_word' id='word_1_26' title='bbox 1089 1188 1136 1261; x_wconf 80' lang='lat' dir='ltr'>ad</span> <span class='ocrx_word' id='word_1_27' title='bbox 1153 1190 1296 1265; x_wconf 86' lang='lat' dir='ltr'>undas:</span> 
     </span>
     <span class='ocr_line' id='line_1_5' title="bbox 337 1304 1214 1408; baseline -0.007 -25"><span class='ocrx_word' id='word_1_28' title='bbox 337 1310 372 1383; x_wconf 83' lang='grc' dir='ltr'><strong>Α</strong></span> <span class='ocrx_word' id='word_1_29' title='bbox 392 1310 535 1408; x_wconf 85' lang='lat' dir='ltr'><strong>Stygiis</strong></span> <span class='ocrx_word' id='word_1_30' title='bbox 555 1317 739 1407; x_wconf 79' lang='lat' dir='ltr'>quantum</span> <span class='ocrx_word' id='word_1_31' title='bbox 757 1330 839 1380; x_wconf 90' lang='lat' dir='ltr'>sors</span> <span class='ocrx_word' id='word_1_32' title='bbox 856 1328 942 1379; x_wconf 84' lang='lat' dir='ltr'>mea</span> <span class='ocrx_word' id='word_1_33' title='bbox 958 1304 1074 1378; x_wconf 80' lang='lat' dir='ltr'>distat</span> <span class='ocrx_word' id='word_1_34' title='bbox 1090 1304 1214 1402; x_wconf 83' lang='lat' dir='ltr'>aquis!</span> 
     </span>
    </p>

    <p class='ocr_par' dir='ltr' id='par_1_4' title="bbox 287 1422 1331 1638">
     <span class='ocr_line' id='line_1_6' title="bbox 287 1422 1331 1523; baseline -0.001 -25"><span class='ocrx_word' id='word_1_35' title='bbox 287 1425 420 1500; x_wconf 83' lang='lat' dir='ltr'><strong>Adfuit</strong></span> <span class='ocrx_word' id='word_1_36' title='bbox 435 1426 569 1499; x_wconf 80' lang='lat' dir='ltr'>insono</span> <span class='ocrx_word' id='word_1_37' title='bbox 587 1424 736 1523; x_wconf 86' lang='lat' dir='ltr'>juvenis</span> <span class='ocrx_word' id='word_1_38' title='bbox 754 1422 941 1497; x_wconf 84' lang='lat' dir='ltr'>Phocaeus</span> <span class='ocrx_word' id='word_1_39' title='bbox 962 1422 1131 1496; x_wconf 85' lang='lat' dir='ltr'>Orestae:</span> <span class='ocrx_word' id='word_1_40' title='bbox 1283 1426 1331 1499; x_wconf 80' lang='lat'>45</span> 
     </span>
     <span class='ocr_line' id='line_1_7' title="bbox 339 1538 1220 1638; baseline -0.003 -23"><span class='ocrx_word' id='word_1_41' title='bbox 339 1540 391 1615; x_wconf 89' lang='lat' dir='ltr'>Et</span> <span class='ocrx_word' id='word_1_42' title='bbox 406 1565 492 1615; x_wconf 81' lang='lat' dir='ltr'>mea</span> <span class='ocrx_word' id='word_1_43' title='bbox 508 1564 583 1614; x_wconf 92' lang='lat' dir='ltr'>non</span> <span class='ocrx_word' id='word_1_44' title='bbox 599 1540 796 1615; x_wconf 88' lang='lat' dir='ltr'>minimum</span> <span class='ocrx_word' id='word_1_45' title='bbox 812 1539 925 1638; x_wconf 80' lang='lat' dir='ltr'>culpa</span> <span class='ocrx_word' id='word_1_46' title='bbox 942 1538 1075 1612; x_wconf 85' lang='lat' dir='ltr'>furoris</span> <span class='ocrx_word' id='word_1_47' title='bbox 1093 1539 1220 1612; x_wconf 82' lang='lat' dir='ltr'>habet.</span> 
     </span>
    </p>

    <p class='ocr_par' dir='ltr' id='par_1_5' title="bbox 287 1655 1279 1873">
     <span class='ocr_line' id='line_1_8' title="bbox 287 1655 1279 1755; baseline -0.003 -25"><span class='ocrx_word' id='word_1_48' title='bbox 287 1657 346 1731; x_wconf 84' lang='lat' dir='ltr'>Tu</span> <span class='ocrx_word' id='word_1_49' title='bbox 364 1682 517 1755; x_wconf 92' lang='lat' dir='ltr'>quoque</span> <span class='ocrx_word' id='word_1_50' title='bbox 534 1680 755 1755; x_wconf 85' lang='lat' dir='ltr'>magnorum</span> <span class='ocrx_word' id='word_1_51' title='bbox 771 1657 903 1731; x_wconf 80' lang='lat' dir='ltr'>laudes</span> <span class='ocrx_word' id='word_1_52' title='bbox 922 1655 1081 1730; x_wconf 83' lang='lat' dir='ltr'><strong>admitte</strong></span> <span class='ocrx_word' id='word_1_53' title='bbox 1097 1656 1279 1745; x_wconf 88' lang='lat' dir='ltr'>virorum;</span> 
     </span>
     <span class='ocr_line' id='line_1_9' title="bbox 342 1770 1257 1873; baseline -0.001 -26"><span class='ocrx_word' id='word_1_54' title='bbox 342 1773 473 1871; x_wconf 87' lang='lat' dir='ltr'>thue</span> <span class='ocrx_word' id='word_1_55' title='bbox 490 1774 595 1860; x_wconf 83' lang='lat' dir='ltr'>facis,</span> <span class='ocrx_word' id='word_1_56' title='bbox 613 1776 733 1873; x_wconf 77' lang='lat' dir='ltr'>lapso,</span> <span class='ocrx_word' id='word_1_57' title='bbox 753 1796 867 1871; x_wconf 81' lang='lat' dir='ltr'>quom</span> <span class='ocrx_word' id='word_1_58' title='bbox 884 1783 1007 1871; x_wconf 87' lang='lat' dir='ltr'>potes,</span> <span class='ocrx_word' id='word_1_59' title='bbox 1026 1770 1118 1846; x_wconf 80' lang='lat' dir='ltr'>affer</span> <span class='ocrx_word' id='word_1_60' title='bbox 1133 1795 1257 1871; x_wconf 89' lang='lat' dir='ltr'>opem.</span> 
     </span>
    </p>

    <p class='ocr_par' dir='ltr' id='par_1_6' title="bbox 292 1886 1332 2103">
     <span class='ocr_line' id='line_1_10' title="bbox 292 1886 1228 1987; baseline -0.001 -25"><span class='ocrx_word' id='word_1_61' title='bbox 292 1890 333 1963; x_wconf 90' lang='lat' dir='ltr'>Si</span> <span class='ocrx_word' id='word_1_62' title='bbox 351 1891 448 1965; x_wconf 88' lang='lat' dir='ltr'>hene</span> <span class='ocrx_word' id='word_1_63' title='bbox 466 1901 504 1964; x_wconf 90' lang='lat' dir='ltr'>te</span> <span class='ocrx_word' id='word_1_64' title='bbox 520 1890 627 1979; x_wconf 82' lang='lat' dir='ltr'>novi3</span> <span class='ocrx_word' id='word_1_65' title='bbox 658 1888 703 1977; x_wconf 86' lang='lat' dir='ltr'>si,</span> <span class='ocrx_word' id='word_1_66' title='bbox 722 1889 825 1987; x_wconf 90' lang='lat' dir='ltr'>quod</span> <span class='ocrx_word' id='word_1_67' title='bbox 842 1886 1049 1987; x_wconf 83' lang='lat' dir='ltr'>priusesse</span> <span class='ocrx_word' id='word_1_68' title='bbox 1067 1888 1228 1975; x_wconf 80' lang='lat' dir='ltr'>solebas,</span> 
     </span>
     <span class='ocr_line' id='line_1_11' title="bbox 342 2002 1332 2103; baseline -0.002 -25"><span class='ocrx_word' id='word_1_69' title='bbox 342 2004 454 2079; x_wconf 89' lang='lat' dir='ltr'>Nunc</span> <span class='ocrx_word' id='word_1_70' title='bbox 472 2028 624 2103; x_wconf 86' lang='lat' dir='ltr'>quoque</span> <span class='ocrx_word' id='word_1_71' title='bbox 641 2028 696 2091; x_wconf 87' lang='lat' dir='ltr'>es,</span> <span class='ocrx_word' id='word_1_72' title='bbox 708 2015 824 2101; x_wconf 81' lang='lat' dir='ltr'>atque</span> <span class='ocrx_word' id='word_1_73' title='bbox 841 2003 957 2077; x_wconf 81' lang='lat' dir='ltr'>animi</span> <span class='ocrx_word' id='word_1_74' title='bbox 975 2026 1050 2076; x_wconf 90' lang='lat' dir='ltr'>non</span> <span class='ocrx_word' id='word_1_75' title='bbox 1069 2002 1240 2079; x_wconf 83' lang='lat' dir='ltr'>cecidere</span> <span class='ocrx_word' id='word_1_76' title='bbox 1257 2004 1332 2093; x_wconf 92' lang='lat' dir='ltr'>tui;</span> 
     </span>
    </p>

    <p class='ocr_par' dir='ltr' id='par_1_7' title="bbox 291 2119 1331 2335">
     <span class='ocr_line' id='line_1_12' title="bbox 291 2119 1331 2219; baseline -0.002 -24"><span class='ocrx_word' id='word_1_77' title='bbox 291 2120 377 2207; x_wconf 84' lang='lat' dir='ltr'>Quo</span> <span class='ocrx_word' id='word_1_78' title='bbox 392 2120 542 2195; x_wconf 83' lang='lat' dir='ltr'>fortuna</span> <span class='ocrx_word' id='word_1_79' title='bbox 558 2120 678 2219; x_wconf 81' lang='lat' dir='ltr'>magis</span> <span class='ocrx_word' id='word_1_80' title='bbox 696 2122 816 2206; x_wconf 80' lang='lat' dir='ltr'>suevit,</span> <span class='ocrx_word' id='word_1_81' title='bbox 835 2119 955 2217; x_wconf 76' lang='lat' dir='ltr'>magis</span> <span class='ocrx_word' id='word_1_82' title='bbox 974 2119 1057 2217; x_wconf 87' lang='lat' dir='ltr'>ipse</span> <span class='ocrx_word' id='word_1_83' title='bbox 1080 2119 1235 2206; x_wconf 75' lang='lat' dir='ltr'>resistiS,</span> <span class='ocrx_word' id='word_1_84' title='bbox 1287 2122 1331 2195; x_wconf 83' lang='lat'>51</span> 
     </span>
     <span class='ocr_line' id='line_1_13' title="bbox 342 2237 1134 2335; baseline -0.001 -25"><span class='ocrx_word' id='word_1_85' title='bbox 342 2237 473 2335; x_wconf 86' lang='lat' dir='ltr'>thue</span> <span class='ocrx_word' id='word_1_86' title='bbox 490 2238 613 2324; x_wconf 85' lang='lat' dir='ltr'>decet,</span> <span class='ocrx_word' id='word_1_87' title='bbox 632 2262 680 2311; x_wconf 88' lang='lat' dir='ltr'>ne</span> <span class='ocrx_word' id='word_1_88' title='bbox 699 2248 738 2311; x_wconf 88' lang='lat' dir='ltr'>te</span> <span class='ocrx_word' id='word_1_89' title='bbox 755 2237 887 2311; x_wconf 89' lang='lat' dir='ltr'>vicerit</span> <span class='ocrx_word' id='word_1_90' title='bbox 904 2237 980 2323; x_wconf 86' lang='lat' dir='ltr'>illa,</span> <span class='ocrx_word' id='word_1_91' title='bbox 1000 2260 1134 2310; x_wconf 81' lang='lat' dir='ltr'>caves:</span> 
     </span>
    </p>

    <p class='ocr_par' dir='ltr' id='par_1_8' title="bbox 293 2351 1293 2566">
     <span class='ocr_line' id='line_1_14' title="bbox 293 2351 1293 2451; baseline 0 -24"><span class='ocrx_word' id='word_1_92' title='bbox 293 2352 343 2428; x_wconf 90' lang='lat' dir='ltr'>Et</span> <span class='ocrx_word' id='word_1_93' title='bbox 359 2355 458 2427; x_wconf 90' lang='lat' dir='ltr'>hene</span> <span class='ocrx_word' id='word_1_94' title='bbox 476 2353 532 2425; x_wconf 90' lang='lat' dir='ltr'>uti</span> <span class='ocrx_word' id='word_1_95' title='bbox 550 2374 709 2450; x_wconf 81' lang='lat' dir='ltr'>pugnes,</span> <span class='ocrx_word' id='word_1_96' title='bbox 728 2352 826 2427; x_wconf 88' lang='lat' dir='ltr'>bene</span> <span class='ocrx_word' id='word_1_97' title='bbox 843 2374 1017 2451; x_wconf 78' lang='lat' dir='ltr'>pugnans</span> <span class='ocrx_word' id='word_1_98' title='bbox 1032 2352 1146 2425; x_wconf 89' lang='lat' dir='ltr'><strong>efficit</strong></span> <span class='ocrx_word' id='word_1_99' title='bbox 1162 2351 1293 2427; x_wconf 89' lang='lat' dir='ltr'>hostis.</span> 
     </span>
     <span class='ocr_line' id='line_1_15' title="bbox 344 2466 1202 2566; baseline -0.001 -24"><span class='ocrx_word' id='word_1_100' title='bbox 344 2469 406 2542; x_wconf 89' lang='lat' dir='ltr'>Sic</span> <span class='ocrx_word' id='word_1_101' title='bbox 425 2469 558 2543; x_wconf 79' lang='lat' dir='ltr'>endem</span> <span class='ocrx_word' id='word_1_102' title='bbox 576 2468 731 2566; x_wconf 88' lang='lat' dir='ltr'>prodest</span> <span class='ocrx_word' id='word_1_103' title='bbox 746 2491 874 2555; x_wconf 85' lang='lat' dir='ltr'>causa,</span> <span class='ocrx_word' id='word_1_104' title='bbox 892 2476 1082 2563; x_wconf 87' lang='lat' dir='ltr'>nocetque</span> <span class='ocrx_word' id='word_1_105' title='bbox 1099 2466 1202 2541; x_wconf 88' lang='lat' dir='ltr'>mihi.</span> 
     </span>
    </p>

    <p class='ocr_par' dir='ltr' id='par_1_9' title="bbox 295 2582 1335 2776">
     <span class='ocr_line' id='line_1_16' title="bbox 295 2582 1335 2681; baseline 0.001 -23"><span class='ocrx_word' id='word_1_106' title='bbox 295 2584 451 2659; x_wconf 87' lang='lat' dir='ltr'>Scilicet</span> <span class='ocrx_word' id='word_1_107' title='bbox 468 2585 675 2680; x_wconf 87' lang='lat' dir='ltr'>indignum,</span> <span class='ocrx_word' id='word_1_108' title='bbox 689 2583 839 2681; x_wconf 87' lang='lat' dir='ltr'>juvenis</span> <span class='ocrx_word' id='word_1_109' title='bbox 857 2582 1058 2669; x_wconf 79' lang='lat' dir='ltr'>rarissime,</span> <span class='ocrx_word' id='word_1_110' title='bbox 1078 2582 1187 2657; x_wconf 93' lang='lat' dir='ltr'>ducis</span> <span class='ocrx_word' id='word_1_111' title='bbox 1288 2589 1335 2659; x_wconf 88' lang='grc'>55</span> 
     </span>
     <span class='ocr_line' id='line_1_17' title="bbox 345 2698 1133 2776; baseline -0.001 -2"><span class='ocrx_word' id='word_1_112' title='bbox 345 2701 400 2776; x_wconf 88' lang='lat' dir='ltr'>Te</span> <span class='ocrx_word' id='word_1_113' title='bbox 417 2702 497 2776; x_wconf 88' lang='lat' dir='ltr'>iieri</span> <span class='ocrx_word' id='word_1_114' title='bbox 514 2702 690 2776; x_wconf 89' lang='lat' dir='ltr'>comitem</span> <span class='ocrx_word' id='word_1_115' title='bbox 708 2701 843 2775; x_wconf 84' lang='lat' dir='ltr'>stantis</span> <span class='ocrx_word' id='word_1_116' title='bbox 861 2700 900 2774; x_wconf 91' lang='lat' dir='ltr'>in</span> <span class='ocrx_word' id='word_1_117' title='bbox 918 2700 1008 2775; x_wconf 93' lang='lat' dir='ltr'>orbe</span> <span class='ocrx_word' id='word_1_118' title='bbox 1028 2698 1133 2773; x_wconf 84' lang='lat' dir='ltr'>Deae.</span> 
     </span>
    </p>

    <p class='ocr_par' dir='ltr' id='par_1_10' title="bbox 296 2816 1338 3031">
     <span class='ocr_line' id='line_1_18' title="bbox 296 2816 1338 2915; baseline 0.001 -25"><span class='ocrx_word' id='word_1_119' title='bbox 296 2818 442 2891; x_wconf 86' lang='lat' dir='ltr'>Firmus</span> <span class='ocrx_word' id='word_1_120' title='bbox 460 2844 522 2907; x_wconf 91' lang='lat' dir='ltr'>es;</span> <span class='ocrx_word' id='word_1_121' title='bbox 552 2828 602 2905; x_wconf 88' lang='lat' dir='ltr'>et,</span> <span class='ocrx_word' id='word_1_122' title='bbox 618 2817 797 2915; x_wconf 83' lang='lat' dir='ltr'>quoniam</span> <span class='ocrx_word' id='word_1_123' title='bbox 814 2842 887 2890; x_wconf 92' lang='lat' dir='ltr'>non</span> <span class='ocrx_word' id='word_1_124' title='bbox 907 2826 995 2890; x_wconf 91' lang='lat' dir='ltr'>sunt</span> <span class='ocrx_word' id='word_1_125' title='bbox 1011 2840 1057 2889; x_wconf 85' lang='lat' dir='ltr'>ea</span> <span class='ocrx_word' id='word_1_126' title='bbox 1070 2816 1198 2913; x_wconf 79' lang='lat' dir='ltr'>qualis</span> <span class='ocrx_word' id='word_1_127' title='bbox 1210 2818 1338 2905; x_wconf 85' lang='lat' dir='ltr'>velles,</span> 
     </span>
     <span class='ocr_line' id='line_1_19' title="bbox 347 2932 1155 3031; baseline -0.002 -25"><span class='ocrx_word' id='word_1_128' title='bbox 347 2935 442 3011; x_wconf 82' lang='lat' dir='ltr'>Veia</span> <span class='ocrx_word' id='word_1_129' title='bbox 457 2934 557 3031; x_wconf 83' lang='lat' dir='ltr'>regis</span> <span class='ocrx_word' id='word_1_130' title='bbox 572 2958 724 3031; x_wconf 80' lang='lat' dir='ltr'>quassae</span> <span class='ocrx_word' id='word_1_131' title='bbox 742 2932 1034 3031; x_wconf 80' lang='lat' dir='ltr'>qualiacumque</span> <span class='ocrx_word' id='word_1_132' title='bbox 1052 2932 1155 3005; x_wconf 86' lang='lat' dir='ltr'>ratis.</span> 
     </span>
    </p>
   </div>
   <div class='ocr_carea' id='block_1_3' title="bbox 296 3051 1341 3501">
    <p class='ocr_par' dir='ltr' id='par_1_11' title="bbox 296 3051 1341 3243">
     <span class='ocr_line' id='line_1_20' title="bbox 296 3051 1312 3150; baseline -0.003 -24"><span class='ocrx_word' id='word_1_133' title='bbox 296 3052 468 3150; x_wconf 85' lang='lat' dir='ltr'>Quoeque</span> <span class='ocrx_word' id='word_1_134' title='bbox 485 3054 538 3126; x_wconf 81' lang='lat' dir='ltr'>ita</span> <span class='ocrx_word' id='word_1_135' title='bbox 553 3074 739 3126; x_wconf 83' lang='lat' dir='ltr'>concussu</span> <span class='ocrx_word' id='word_1_136' title='bbox 755 3061 826 3147; x_wconf 78' lang='lat' dir='ltr'>est,</span> <span class='ocrx_word' id='word_1_137' title='bbox 845 3060 887 3123; x_wconf 93' lang='lat' dir='ltr'>ut</span> <span class='ocrx_word' id='word_1_138' title='bbox 898 3051 980 3146; x_wconf 77' lang='lat' dir='ltr'>Jam</span> <span class='ocrx_word' id='word_1_139' title='bbox 998 3070 1132 3123; x_wconf 82' lang='lat' dir='ltr'>casura</span> <span class='ocrx_word' id='word_1_140' title='bbox 1147 3060 1312 3147; x_wconf 86' lang='lat' dir='ltr'>putetur,</span> 
     </span>
     <span class='ocr_line' id='line_1_21' title="bbox 347 3165 1341 3243; baseline -0.002 -1"><span class='ocrx_word' id='word_1_141' title='bbox 347 3168 483 3243; x_wconf 80' lang='lat' dir='ltr'>Restat</span> <span class='ocrx_word' id='word_1_142' title='bbox 499 3170 622 3243; x_wconf 84' lang='lat' dir='ltr'>adhuc</span> <span class='ocrx_word' id='word_1_143' title='bbox 640 3168 804 3243; x_wconf 89' lang='lat' dir='ltr'>humeris</span> <span class='ocrx_word' id='word_1_144' title='bbox 816 3166 911 3240; x_wconf 80' lang='lat' dir='ltr'>fulto</span> <span class='ocrx_word' id='word_1_145' title='bbox 928 3166 1035 3239; x_wconf 82' lang='lat' dir='ltr'>ruina</span> <span class='ocrx_word' id='word_1_146' title='bbox 1050 3165 1139 3238; x_wconf 90' lang='lat' dir='ltr'>tuis.</span> <span class='ocrx_word' id='word_1_147' title='bbox 1291 3170 1341 3240; x_wconf 90' lang='grc'>60</span> 
     </span>
    </p>

    <p class='ocr_par' dir='ltr' id='par_1_12' title="bbox 298 3282 1216 3501">
     <span class='ocr_line' id='line_1_22' title="bbox 298 3282 1216 3385; baseline 0 -30"><span class='ocrx_word' id='word_1_148' title='bbox 298 3284 359 3357; x_wconf 84' lang='lat' dir='ltr'>Ira</span> <span class='ocrx_word' id='word_1_149' title='bbox 376 3284 531 3383; x_wconf 91' lang='lat' dir='ltr'>quidem</span> <span class='ocrx_word' id='word_1_150' title='bbox 549 3285 670 3385; x_wconf 89' lang='lat' dir='ltr'>primo</span> <span class='ocrx_word' id='word_1_151' title='bbox 686 3285 810 3361; x_wconf 80' lang='lat' dir='ltr'>fuerat</span> <span class='ocrx_word' id='word_1_152' title='bbox 826 3295 894 3359; x_wconf 81' lang='lat' dir='ltr'>tua</span> <span class='ocrx_word' id='word_1_153' title='bbox 906 3286 1024 3383; x_wconf 80' lang='lat' dir='ltr'>justa,</span> <span class='ocrx_word' id='word_1_154' title='bbox 1044 3306 1115 3357; x_wconf 84' lang='lat' dir='ltr'>nec</span> <span class='ocrx_word' id='word_1_155' title='bbox 1133 3282 1216 3381; x_wconf 90' lang='lat' dir='ltr'>ipso</span> 
     </span>
     <span class='ocr_line' id='line_1_23' title="bbox 348 3398 1083 3501; baseline 0.003 -28"><span class='ocrx_word' id='word_1_156' title='bbox 348 3398 496 3487; x_wconf 91' lang='lat' dir='ltr'>Lenior,</span> <span class='ocrx_word' id='word_1_157' title='bbox 515 3400 681 3477; x_wconf 87' lang='lat' dir='ltr'>offensus</span> <span class='ocrx_word' id='word_1_158' title='bbox 699 3404 764 3501; x_wconf 93' lang='lat' dir='ltr'>qui</span> <span class='ocrx_word' id='word_1_159' title='bbox 782 3402 875 3476; x_wconf 91' lang='lat' dir='ltr'>mihi</span> <span class='ocrx_word' id='word_1_160' title='bbox 887 3404 973 3499; x_wconf 90' lang='lat' dir='ltr'>jure</span> <span class='ocrx_word' id='word_1_161' title='bbox 990 3399 1083 3475; x_wconf 87' lang='lat' dir='ltr'>fuit:</span> 
     </span>
    </p>
   </div>
   <div class='ocr_carea' id='block_1_4' title="bbox 297 3599 1346 4705">
    <p class='ocr_par' dir='ltr' id='par_1_13' title="bbox 297 3599 1344 3815">
     <span class='ocr_line' id='line_1_24' title="bbox 329 3599 1344 3667; baseline 0.002 -20"><span class='ocrx_word' id='word_1_162' title='bbox 329 3601 368 3647; x_wconf 77' lang='lat'>41.</span> <span class='ocrx_word' id='word_1_163' title='bbox 385 3599 501 3659; x_wconf 80' lang='lat' dir='ltr'>Achilles,</span> <span class='ocrx_word' id='word_1_164' title='bbox 512 3600 583 3649; x_wconf 82' lang='lat' dir='ltr'>AEnci</span> <span class='ocrx_word' id='word_1_165' title='bbox 594 3618 675 3667; x_wconf 87' lang='lat' dir='ltr'>nepos,</span> <span class='ocrx_word' id='word_1_166' title='bbox 685 3603 795 3652; x_wconf 79' lang='lat' dir='ltr'>Patroclo</span> <span class='ocrx_word' id='word_1_167' title='bbox 844 3610 870 3651; x_wconf 84' lang='lat' dir='ltr'>et</span> <span class='ocrx_word' id='word_1_168' title='bbox 886 3602 921 3651; x_wconf 90' lang='lat' dir='ltr'>illi</span> <span class='ocrx_word' id='word_1_169' title='bbox 941 3615 1067 3666; x_wconf 76' lang='lat' dir='ltr'>repugnas.</span> <span class='ocrx_word' id='word_1_170' title='bbox 1100 3600 1172 3648; x_wconf 73' lang='lat' dir='ltr'>Nocet</span> <span class='ocrx_word' id='word_1_171' title='bbox 1187 3616 1247 3648; x_wconf 76' lang='lat' dir='ltr'>vero.</span> <span class='ocrx_word' id='word_1_172' title='bbox 1280 3600 1344 3659; x_wconf 76' lang='lat' dir='ltr'>Quia</span> 
     </span>
     <span class='ocr_line' id='line_1_25' title="bbox 297 3674 1344 3741; baseline 0.003 -19"><span class='ocrx_word' id='word_1_173' title='bbox 297 3674 380 3732; x_wconf 79' lang='lat' dir='ltr'>amieo,</span> <span class='ocrx_word' id='word_1_174' title='bbox 405 3676 436 3724; x_wconf 84' lang='lat' dir='ltr'>ub</span> <span class='ocrx_word' id='word_1_175' title='bbox 465 3677 569 3724; x_wconf 81' lang='lat' dir='ltr'>Hectore</span> <span class='ocrx_word' id='word_1_176' title='bbox 593 3676 672 3725; x_wconf 89' lang='lat' dir='ltr'>occiso</span> <span class='ocrx_word' id='word_1_177' title='bbox 696 3692 795 3741; x_wconf 73' lang='lat' dir='ltr'>magnos</span> <span class='ocrx_word' id='word_1_178' title='bbox 843 3677 886 3725; x_wconf 77' lang='lat' dir='ltr'>ille</span> <span class='ocrx_word' id='word_1_179' title='bbox 896 3674 954 3724; x_wconf 89' lang='lat' dir='ltr'>mihi</span> <span class='ocrx_word' id='word_1_180' title='bbox 965 3674 1101 3723; x_wconf 73' lang='lat' dir='ltr'>adversatur</span> <span class='ocrx_word' id='word_1_181' title='bbox 1116 3682 1140 3723; x_wconf 86' lang='lat' dir='ltr'>et</span> <span class='ocrx_word' id='word_1_182' title='bbox 1154 3682 1257 3740; x_wconf 80' lang='lat' dir='ltr'>superat,</span> <span class='ocrx_word' id='word_1_183' title='bbox 1268 3684 1344 3726; x_wconf 86' lang='lat' dir='ltr'>tenet·</span> 
     </span>
     <span class='ocr_line' id='line_1_26' title="bbox 297 3745 1030 3815; baseline 0.005 -23"><span class='ocrx_word' id='word_1_184' title='bbox 297 3745 366 3797; x_wconf 86' lang='lat' dir='ltr'>ludos</span> <span class='ocrx_word' id='word_1_185' title='bbox 398 3748 507 3798; x_wconf 74' lang='lat' dir='ltr'>innehrss</span> <span class='ocrx_word' id='word_1_186' title='bbox 539 3757 565 3797; x_wconf 84' lang='lat' dir='ltr'>ct</span> <span class='ocrx_word' id='word_1_187' title='bbox 598 3748 694 3799; x_wconf 78' lang='lat' dir='ltr'>inferias</span> <span class='ocrx_word' id='word_1_188' title='bbox 727 3750 795 3800; x_wconf 75' lang='lat' dir='ltr'>iecit.</span> <span class='ocrx_word' id='word_1_189' title='bbox 845 3765 892 3815; x_wconf 85' lang='lat' dir='ltr'>que</span> <span class='ocrx_word' id='word_1_190' title='bbox 902 3749 928 3797; x_wconf 91' lang='lat' dir='ltr'>in</span> <span class='ocrx_word' id='word_1_191' title='bbox 937 3746 1030 3797; x_wconf 79' lang='lat' dir='ltr'>exsilio.</span> 
     </span>
    </p>

    <p class='ocr_par' dir='ltr' id='par_1_14' title="bbox 299 3820 1343 3964">
     <span class='ocr_line' id='line_1_27' title="bbox 299 3820 1341 3885; baseline 0.003 -16"><span class='ocrx_word' id='word_1_192' title='bbox 299 3822 410 3871; x_wconf 78' lang='lat' dir='ltr'>Hsnnss.</span> <span class='ocrx_word' id='word_1_193' title='bbox 868 3824 917 3872; x_wconf 59' lang='lat'>56.</span> <span class='ocrx_word' id='word_1_194' title='bbox 935 3824 988 3872; x_wconf 77' lang='lat' dir='ltr'>Dec</span> <span class='ocrx_word' id='word_1_195' title='bbox 1002 3824 1084 3871; x_wconf 59' lang='lat' dir='ltr'>contu</span> <span class='ocrx_word' id='word_1_196' title='bbox 1098 3825 1124 3870; x_wconf 84' lang='lat' dir='ltr'>in</span> <span class='ocrx_word' id='word_1_197' title='bbox 1142 3820 1214 3885; x_wconf 66' lang='lat' dir='ltr'>othe]</span> <span class='ocrx_word' id='word_1_198' title='bbox 1234 3822 1341 3872; x_wconf 64' lang='lat' dir='ltr'>Fortuna</span> 
     </span>
     <span class='ocr_line' id='line_1_28' title="bbox 330 3895 1343 3964; baseline 0.002 -21"><span class='ocrx_word' id='word_1_199' title='bbox 330 3897 370 3944; x_wconf 79' lang='lat'>⁴2.</span> <span class='ocrx_word' id='word_1_200' title='bbox 382 3896 560 3946; x_wconf 74' lang='lat' dir='ltr'>instantium</span> <span class='ocrx_word' id='word_1_201' title='bbox 569 3898 661 3961; x_wconf 70' lang='lat' dir='ltr'>citam]</span> <span class='ocrx_word' id='word_1_202' title='bbox 679 3898 742 3947; x_wconf 81' lang='lat' dir='ltr'>Puta</span> <span class='ocrx_word' id='word_1_203' title='bbox 750 3896 794 3962; x_wconf 82' lang='lat' dir='ltr'>igi-</span> <span class='ocrx_word' id='word_1_204' title='bbox 844 3897 996 3964; x_wconf 70' lang='lat' dir='ltr'>superposite</span> <span class='ocrx_word' id='word_1_205' title='bbox 1009 3895 1109 3945; x_wconf 87' lang='lat' dir='ltr'>rotundo</span> <span class='ocrx_word' id='word_1_206' title='bbox 1123 3895 1198 3962; x_wconf 71' lang='lat' dir='ltr'>lapidi</span> <span class='ocrx_word' id='word_1_207' title='bbox 1206 3914 1214 3956; x_wconf 82' lang='lat'>3</span> <span class='ocrx_word' id='word_1_208' title='bbox 1230 3898 1343 3962; x_wconf 79' lang='lat' dir='ltr'>quonium</span> 
     </span>
    </p>

    <p class='ocr_par' dir='ltr' id='par_1_15' title="bbox 298 3970 1207 4035">
     <span class='ocr_line' id='line_1_29' title="bbox 298 3970 1207 4035; baseline 0.003 -19"><span class='ocrx_word' id='word_1_209' title='bbox 298 3976 344 4025; x_wconf 89' lang='lat' dir='ltr'>tur,</span> <span class='ocrx_word' id='word_1_210' title='bbox 355 3977 380 4018; x_wconf 81' lang='lat' dir='ltr'>st</span> <span class='ocrx_word' id='word_1_211' title='bbox 389 3986 466 4019; x_wconf 73' lang='lat' dir='ltr'>mecm</span> <span class='ocrx_word' id='word_1_212' title='bbox 477 3970 538 4020; x_wconf 72' lang='lat' dir='ltr'>hunc</span> <span class='ocrx_word' id='word_1_213' title='bbox 548 3972 622 4021; x_wconf 78' lang='lat' dir='ltr'>vitum</span> <span class='ocrx_word' id='word_1_214' title='bbox 632 3971 705 4021; x_wconf 73' lang='lat' dir='ltr'>instar</span> <span class='ocrx_word' id='word_1_215' title='bbox 716 3973 797 4021; x_wconf 72' lang='lat' dir='ltr'>mortu</span> <span class='ocrx_word' id='word_1_216' title='bbox 845 3972 966 4021; x_wconf 71' lang='lat' dir='ltr'>instabilis</span> <span class='ocrx_word' id='word_1_217' title='bbox 975 3978 1030 4021; x_wconf 88' lang='lat' dir='ltr'>sunt</span> <span class='ocrx_word' id='word_1_218' title='bbox 1039 3970 1091 4035; x_wconf 86' lang='lat' dir='ltr'>ejus</span> <span class='ocrx_word' id='word_1_219' title='bbox 1101 3986 1207 4020; x_wconf 78' lang='lat' dir='ltr'>munera.</span> 
     </span>
    </p>

    <p class='ocr_par' dir='ltr' id='par_1_16' title="bbox 298 4043 1345 4110">
     <span class='ocr_line' id='line_1_30' title="bbox 298 4043 1345 4110; baseline 0.002 -19"><span class='ocrx_word' id='word_1_220' title='bbox 298 4058 365 4091; x_wconf 81' lang='lat' dir='ltr'>esse:</span> <span class='ocrx_word' id='word_1_221' title='bbox 383 4043 482 4100; x_wconf 82' lang='lat' dir='ltr'>honest,</span> <span class='ocrx_word' id='word_1_222' title='bbox 493 4060 531 4094; x_wconf 84' lang='lat' dir='ltr'>me</span> <span class='ocrx_word' id='word_1_223' title='bbox 542 4061 638 4110; x_wconf 86' lang='lat' dir='ltr'>quoque</span> <span class='ocrx_word' id='word_1_224' title='bbox 649 4061 691 4110; x_wconf 87' lang='lat' dir='ltr'>pro</span> <span class='ocrx_word' id='word_1_225' title='bbox 705 4054 797 4095; x_wconf 86' lang='lat' dir='ltr'>mortuo</span> <span class='ocrx_word' id='word_1_226' title='bbox 877 4048 917 4095; x_wconf 84' lang='lat'>60.</span> <span class='ocrx_word' id='word_1_227' title='bbox 946 4046 1048 4108; x_wconf 70' lang='lat' dir='ltr'>Reium]</span> <span class='ocrx_word' id='word_1_228' title='bbox 1083 4045 1161 4093; x_wconf 81' lang='lat' dir='ltr'>Etiam</span> <span class='ocrx_word' id='word_1_229' title='bbox 1182 4047 1268 4094; x_wconf 73' lang='lat' dir='ltr'>Bauer.</span> <span class='ocrx_word' id='word_1_230' title='bbox 1289 4060 1345 4093; x_wconf 85' lang='lat' dir='ltr'>cum</span> 
     </span>
    </p>

    <p class='ocr_par' dir='ltr' id='par_1_17' title="bbox 298 4116 1346 4185">
     <span class='ocr_line' id='line_1_31' title="bbox 298 4116 1346 4185; baseline 0.003 -21"><span class='ocrx_word' id='word_1_231' title='bbox 298 4116 375 4166; x_wconf 73' lang='lat' dir='ltr'>habe:</span> <span class='ocrx_word' id='word_1_232' title='bbox 392 4126 418 4167; x_wconf 89' lang='lat' dir='ltr'>et</span> <span class='ocrx_word' id='word_1_233' title='bbox 432 4127 461 4167; x_wconf 85' lang='lat' dir='ltr'>nt</span> <span class='ocrx_word' id='word_1_234' title='bbox 469 4118 578 4169; x_wconf 73' lang='lat' dir='ltr'>Achilles</span> <span class='ocrx_word' id='word_1_235' title='bbox 592 4119 710 4177; x_wconf 79' lang='lat' dir='ltr'>Patroclo,</span> <span class='ocrx_word' id='word_1_236' title='bbox 720 4121 755 4168; x_wconf 75' lang='lat' dir='ltr'>itu</span> <span class='ocrx_word' id='word_1_237' title='bbox 770 4128 796 4169; x_wconf 90' lang='lat' dir='ltr'>tu</span> <span class='ocrx_word' id='word_1_238' title='bbox 845 4121 938 4170; x_wconf 78' lang='lat' dir='ltr'>Ssrrov.</span> <span class='ocrx_word' id='word_1_239' title='bbox 947 4120 1044 4185; x_wconf 73' lang='lat' dir='ltr'>Argunt.</span> <span class='ocrx_word' id='word_1_240' title='bbox 1051 4127 1076 4168; x_wconf 87' lang='lat' dir='ltr'>et</span> <span class='ocrx_word' id='word_1_241' title='bbox 1086 4135 1127 4169; x_wconf 81' lang='lat' dir='ltr'>rex</span> <span class='ocrx_word' id='word_1_242' title='bbox 1139 4118 1201 4168; x_wconf 74' lang='lat' dir='ltr'>eliis.</span> <span class='ocrx_word' id='word_1_243' title='bbox 1213 4118 1266 4167; x_wconf 85' lang='lat' dir='ltr'>vide</span> <span class='ocrx_word' id='word_1_244' title='bbox 1273 4118 1346 4169; x_wconf 85' lang='lat' dir='ltr'>Trist.</span> 
     </span>
    </p>

    <p class='ocr_par' dir='ltr' id='par_1_18' title="bbox 299 4191 1344 4261">
     <span class='ocr_line' id='line_1_32' title="bbox 299 4191 1344 4261; baseline 0.002 -23"><span class='ocrx_word' id='word_1_245' title='bbox 299 4191 357 4239; x_wconf 90' lang='lat' dir='ltr'>mihi</span> <span class='ocrx_word' id='word_1_246' title='bbox 364 4191 466 4242; x_wconf 84' lang='lat' dir='ltr'>officinm</span> <span class='ocrx_word' id='word_1_247' title='bbox 473 4193 583 4244; x_wconf 71' lang='lat' dir='ltr'>amicitior</span> <span class='ocrx_word' id='word_1_248' title='bbox 590 4204 685 4261; x_wconf 68' lang='lat' dir='ltr'>praesta.</span> <span class='ocrx_word' id='word_1_249' title='bbox 702 4196 797 4243; x_wconf 82' lang='lat' dir='ltr'>Mrcrn.</span> <span class='ocrx_word' id='word_1_250' title='bbox 846 4193 869 4242; x_wconf 92' lang='grc' dir='ltr'>Ι.</span> <span class='ocrx_word' id='word_1_251' title='bbox 882 4194 913 4243; x_wconf 83' lang='lat' dir='ltr'>vi.</span> <span class='ocrx_word' id='word_1_252' title='bbox 924 4198 948 4244; x_wconf 85' lang='lat'>5.</span> <span class='ocrx_word' id='word_1_253' title='bbox 957 4196 989 4243; x_wconf 91' lang='lat' dir='ltr'>V.</span> <span class='ocrx_word' id='word_1_254' title='bbox 997 4193 1048 4242; x_wconf 82' lang='lat' dir='ltr'>xiii.</span> <span class='ocrx_word' id='word_1_255' title='bbox 1057 4196 1080 4243; x_wconf 84' lang='lat'>8.</span> <span class='ocrx_word' id='word_1_256' title='bbox 1102 4193 1188 4242; x_wconf 83' lang='lat' dir='ltr'>Erfurt.</span> <span class='ocrx_word' id='word_1_257' title='bbox 1196 4202 1220 4242; x_wconf 83' lang='lat' dir='ltr'>et</span> <span class='ocrx_word' id='word_1_258' title='bbox 1231 4191 1274 4241; x_wconf 80' lang='lat' dir='ltr'>ulii</span> <span class='ocrx_word' id='word_1_259' title='bbox 1283 4196 1344 4240; x_wconf 75' lang='lat' dir='ltr'>ocri-</span> 
     </span>
    </p>

    <p class='ocr_par' dir='ltr' id='par_1_19' title="bbox 299 4265 1346 4409">
     <span class='ocr_line' id='line_1_33' title="bbox 332 4265 1345 4333; baseline 0.001 -20"><span class='ocrx_word' id='word_1_260' title='bbox 332 4267 372 4314; x_wconf 81' lang='lat'>45.</span> <span class='ocrx_word' id='word_1_261' title='bbox 388 4268 484 4317; x_wconf 67' lang='lat' dir='ltr'>incenit</span> <span class='ocrx_word' id='word_1_262' title='bbox 496 4270 611 4326; x_wconf 67' lang='lat' dir='ltr'>Phoceus,</span> <span class='ocrx_word' id='word_1_263' title='bbox 621 4269 681 4333; x_wconf 75' lang='lat' dir='ltr'>hro]</span> <span class='ocrx_word' id='word_1_264' title='bbox 694 4270 798 4333; x_wconf 72' lang='lat' dir='ltr'>Pylades</span> <span class='ocrx_word' id='word_1_265' title='bbox 847 4285 890 4316; x_wconf 82' lang='lat' dir='ltr'>ns.-</span> <span class='ocrx_word' id='word_1_266' title='bbox 908 4270 939 4317; x_wconf 82' lang='lat' dir='ltr'>ab</span> <span class='ocrx_word' id='word_1_267' title='bbox 946 4268 1042 4317; x_wconf 73' lang='lat' dir='ltr'>librario</span> <span class='ocrx_word' id='word_1_268' title='bbox 1051 4268 1127 4317; x_wconf 71' lang='lat' dir='ltr'>forsan</span> <span class='ocrx_word' id='word_1_269' title='bbox 1135 4267 1243 4316; x_wconf 81' lang='lat' dir='ltr'>ortohrec</span> <span class='ocrx_word' id='word_1_270' title='bbox 1253 4273 1288 4315; x_wconf 86' lang='lat' dir='ltr'>ost</span> <span class='ocrx_word' id='word_1_271' title='bbox 1296 4265 1345 4314; x_wconf 84' lang='lat' dir='ltr'>lec·</span> 
     </span>
     <span class='ocr_line' id='line_1_34' title="bbox 299 4340 1346 4409; baseline 0 -22"><span class='ocrx_word' id='word_1_272' title='bbox 299 4340 402 4405; x_wconf 82' lang='lat' dir='ltr'>Strophii</span> <span class='ocrx_word' id='word_1_273' title='bbox 413 4342 541 4392; x_wconf 82' lang='lat' dir='ltr'>Phocensis</span> <span class='ocrx_word' id='word_1_274' title='bbox 549 4341 620 4392; x_wconf 86' lang='lat' dir='ltr'>tilius.</span> <span class='ocrx_word' id='word_1_275' title='bbox 848 4343 888 4401; x_wconf 88' lang='lat' dir='ltr'>tio,</span> <span class='ocrx_word' id='word_1_276' title='bbox 900 4342 942 4409; x_wconf 91' lang='lat' dir='ltr'>qui</span> <span class='ocrx_word' id='word_1_277' title='bbox 956 4358 1030 4408; x_wconf 88' lang='lat' dir='ltr'>quum</span> <span class='ocrx_word' id='word_1_278' title='bbox 1045 4342 1159 4406; x_wconf 74' lang='lat' dir='ltr'>allegoria</span> <span class='ocrx_word' id='word_1_279' title='bbox 1173 4356 1187 4388; x_wconf 81' lang='lat' dir='ltr'><strong>a</strong></span> <span class='ocrx_word' id='word_1_280' title='bbox 1203 4354 1262 4388; x_wconf 82' lang='lat' dir='ltr'>neve</span> <span class='ocrx_word' id='word_1_281' title='bbox 1275 4346 1346 4388; x_wconf 80' lang='lat' dir='ltr'>antea</span> 
     </span>
    </p>

    <p class='ocr_par' dir='ltr' id='par_1_20' title="bbox 298 4412 1346 4705">
     <span class='ocr_line' id='line_1_35' title="bbox 332 4412 1345 4480; baseline -0.001 -18"><span class='ocrx_word' id='word_1_282' title='bbox 332 4415 372 4462; x_wconf 81' lang='lat'>64.</span> <span class='ocrx_word' id='word_1_283' title='bbox 389 4416 428 4463; x_wconf 81' lang='lat' dir='ltr'>Sic</span> <span class='ocrx_word' id='word_1_284' title='bbox 444 4418 521 4465; x_wconf 74' lang='lat' dir='ltr'>cadem</span> <span class='ocrx_word' id='word_1_285' title='bbox 537 4421 626 4480; x_wconf 73' lang='lat' dir='ltr'>prodest</span> <span class='ocrx_word' id='word_1_286' title='bbox 643 4418 734 4480; x_wconf 71' lang='lat' dir='ltr'>coum]</span> <span class='ocrx_word' id='word_1_287' title='bbox 757 4416 797 4465; x_wconf 85' lang='lat' dir='ltr'>Sic</span> <span class='ocrx_word' id='word_1_288' title='bbox 846 4424 925 4465; x_wconf 81' lang='lat' dir='ltr'>sumtu</span> <span class='ocrx_word' id='word_1_289' title='bbox 934 4423 1004 4472; x_wconf 80' lang='lat' dir='ltr'>esset,</span> <span class='ocrx_word' id='word_1_290' title='bbox 1015 4417 1096 4464; x_wconf 74' lang='lat' dir='ltr'>carino</span> <span class='ocrx_word' id='word_1_291' title='bbox 1110 4412 1239 4469; x_wconf 84' lang='lat' dir='ltr'>substituit,</span> <span class='ocrx_word' id='word_1_292' title='bbox 1249 4428 1293 4461; x_wconf 84' lang='lat' dir='ltr'>nec</span> <span class='ocrx_word' id='word_1_293' title='bbox 1306 4429 1345 4461; x_wconf 92' lang='lat' dir='ltr'>co·</span> 
     </span>
     <span class='ocr_line' id='line_1_36' title="bbox 298 4486 1346 4557; baseline -0.005 -17"><span class='ocrx_word' id='word_1_294' title='bbox 298 4487 383 4536; x_wconf 66' lang='lat' dir='ltr'>eodem</span> <span class='ocrx_word' id='word_1_295' title='bbox 398 4504 471 4539; x_wconf 75' lang='lat' dir='ltr'>ceusu</span> <span class='ocrx_word' id='word_1_296' title='bbox 488 4492 582 4556; x_wconf 79' lang='lat' dir='ltr'>prodest</span> <span class='ocrx_word' id='word_1_297' title='bbox 596 4492 663 4549; x_wconf 87' lang='lat' dir='ltr'>mihi,</span> <span class='ocrx_word' id='word_1_298' title='bbox 674 4491 731 4557; x_wconf 84' lang='lat' dir='ltr'>quia</span> <span class='ocrx_word' id='word_1_299' title='bbox 740 4490 798 4538; x_wconf 84' lang='lat' dir='ltr'>mihi</span> <span class='ocrx_word' id='word_1_300' title='bbox 847 4490 940 4555; x_wconf 74' lang='lat' dir='ltr'>gituvit,</span> <span class='ocrx_word' id='word_1_301' title='bbox 952 4489 972 4537; x_wconf 89' lang='lat' dir='ltr'>si</span> <span class='ocrx_word' id='word_1_302' title='bbox 986 4489 1118 4552; x_wconf 82' lang='lat' dir='ltr'>subjectum</span> <span class='ocrx_word' id='word_1_303' title='bbox 1133 4486 1224 4552; x_wconf 86' lang='lat' dir='ltr'>proprie</span> <span class='ocrx_word' id='word_1_304' title='bbox 1238 4486 1346 4544; x_wconf 86' lang='lat' dir='ltr'>sumitur,</span> 
     </span>
     <span class='ocr_line' id='line_1_37' title="bbox 298 4559 1344 4631; baseline 0 -21"><span class='ocrx_word' id='word_1_305' title='bbox 298 4563 415 4613; x_wconf 86' lang='lat' dir='ltr'>succurris</span> <span class='ocrx_word' id='word_1_306' title='bbox 435 4564 591 4623; x_wconf 75' lang='lat' dir='ltr'>defendendo,</span> <span class='ocrx_word' id='word_1_307' title='bbox 612 4582 657 4616; x_wconf 85' lang='lat' dir='ltr'>nec</span> <span class='ocrx_word' id='word_1_308' title='bbox 683 4574 797 4631; x_wconf 79' lang='lat' dir='ltr'>tanqum</span> <span class='ocrx_word' id='word_1_309' title='bbox 848 4565 961 4630; x_wconf 75' lang='lat' dir='ltr'>adjuncto</span> <span class='ocrx_word' id='word_1_310' title='bbox 977 4571 1002 4611; x_wconf 88' lang='lat' dir='ltr'>et</span> <span class='ocrx_word' id='word_1_311' title='bbox 1019 4560 1147 4626; x_wconf 73' lang='lat' dir='ltr'>predicate</span> <span class='ocrx_word' id='word_1_312' title='bbox 1162 4577 1178 4609; x_wconf 78' lang='lat' dir='ltr'>u</span> <span class='ocrx_word' id='word_1_313' title='bbox 1193 4559 1292 4609; x_wconf 82' lang='lat' dir='ltr'>diversis</span> <span class='ocrx_word' id='word_1_314' title='bbox 1307 4576 1344 4610; x_wconf 79' lang='lat' dir='ltr'>rs·</span> 
     </span>
     <span class='ocr_line' id='line_1_38' title="bbox 298 4635 1319 4705; baseline -0.002 -20"><span class='ocrx_word' id='word_1_315' title='bbox 298 4637 577 4696; x_wconf 78' lang='lat' dir='ltr'>victusmedcseris,sotl</span> <span class='ocrx_word' id='word_1_316' title='bbox 588 4640 663 4705; x_wconf 70' lang='lat' dir='ltr'>magis</span> <span class='ocrx_word' id='word_1_317' title='bbox 675 4638 798 4688; x_wconf 79' lang='lat' dir='ltr'>relucteris</span> <span class='ocrx_word' id='word_1_318' title='bbox 847 4638 893 4686; x_wconf 89' lang='lat' dir='ltr'>hus</span> <span class='ocrx_word' id='word_1_319' title='bbox 904 4635 1017 4685; x_wconf 74' lang='lat' dir='ltr'>translato</span> <span class='ocrx_word' id='word_1_320' title='bbox 1027 4636 1088 4685; x_wconf 84' lang='lat' dir='ltr'>sumi</span> <span class='ocrx_word' id='word_1_321' title='bbox 1099 4649 1174 4700; x_wconf 87' lang='lat' dir='ltr'>posse.</span> <span class='ocrx_word' id='word_1_322' title='bbox 1208 4636 1319 4685; x_wconf 75' lang='lat' dir='ltr'>lituum.</span> 
     </span>
    </p>
   </div>
   <div class='ocr_carea' id='block_1_5' title="bbox 0 0 1826 5967">
    <p class='ocr_par' dir='ltr' id='par_1_21' title="bbox 0 0 1826 5967">
     <span class='ocr_line' id='line_1_39' title="bbox 0 0 1826 5967; baseline 0 0"><span class='ocrx_word' id='word_1_323' title='bbox 0 0 1826 5967; x_wconf 95' lang='lat' dir='ltr'> </span> 
     </span>
    </p>
   </div>
  </div>
 </body>
</html>
