3609 5967
485 742 551 808 148
753 742 821 835 ΙΡ,
845 740 1008 808 0v1n11
1032 738 1245 807 Nasonis

489 915 691 1015 Opprimet
710 915 809 989 hanc
837 916 1001 989 animam
1022 912 1182 999 fluctum
1213 911 1430 1013 frustraque
1453 940 1537 1014 pre·

539 1031 617 1108 Ore
635 1042 834 1107 necaturas
853 1030 1083 1129 accipiemus
1101 1052 1234 1127 aquas,
1418 1032 1537 1127 canti]

484 1147 538 1221 At
554 1148 618 1247 pia
634 1150 686 1253 nii
703 1149 806 1222 aliud
823 1171 940 1245 quam
956 1170 1017 1221 me
1035 1145 1139 1219 dolet
1155 1146 1288 1221 exsule
1305 1150 1467 1245 conjux:

536 1261 622 1339 Hoc
638 1289 753 1339 unum
771 1265 888 1338 nostri
907 1264 1055 1360 scitque
1072 1261 1267 1359 gemitque
1285 1264 1388 1339 mali.

486 1380 622 1455 Nescit
638 1381 682 1459 in
695 1382 879 1454 immenso
889 1381 1025 1479 jactari
1044 1403 1203 1477 corpora
1217 1391 1356 1479 pouto;

536 1496 671 1571 Nescit
688 1497 749 1593 agi
766 1495 911 1584 ventis3
941 1495 1063 1571 nescit
1080 1496 1214 1570 adesse
1232 1520 1376 1571 necem.
1484 1504 1534 1572 40

486 1612 537 1685 Di
546 1615 655 1700 bene,
664 1614 767 1710 quod
777 1637 852 1686 non
864 1638 948 1685 sum
959 1613 1374 1687 mecumconscendere
1385 1638 1532 1713 passus,

535 1728 596 1802 Ne
614 1730 706 1802 mihi
722 1753 823 1803 mors
841 1728 979 1803 misero
996 1728 1055 1801 bis
1074 1728 1254 1826 patienda
1269 1727 1384 1801 foretl

480 1846 537 1918 -At
553 1869 666 1930 nunc,
686 1855 728 1918 ut
745 1869 910 1944 peream,
930 1846 1110 1942 quoniam
1126 1856 1231 1920 caret
1247 1845 1312 1919 illa
1329 1845 1483 1944 periclo,

535 1959 702 2035 Dimidia
718 1972 822 2035 certe
839 1958 946 2059 parte
965 1970 1158 2059 superstes
1177 1984 1253 2034 ero.
1482 1966 1531 2034 44

483 2073 558 2148 Hei
576 2077 687 2150 mihi!
717 2098 833 2173 quam
850 2075 964 2150 celeri
982 2077 1196 2150 micuerunt
1214 2077 1343 2152 nubila
1359 2075 1530 2153 flamma!

533 2191 707 2276 Quantus
725 2193 773 2266 ab
789 2193 943 2267 aetherio
960 2204 1140 2291 personat
1156 2218 1229 2267 axe
1244 2192 1386 2289 fragor!
1417 2242 1419 2247 ·

483 2307 519 2380 N
523 2332 567 2382 ec
585 2308 702 2381 levius
720 2309 880 2381 laterum
897 2308 1037 2386 tabulae
1055 2309 1238 2383 feriuntur
1256 2311 1303 2383 ab
1321 2310 1446 2397 undis,

532 2422 657 2508 Quam
674 2447 786 2520 grave
804 2423 950 2497 balistae
969 2424 1108 2498 moenia
1125 2425 1251 2523 pulsat
1268 2449 1376 2498 onus.

482 2536 557 2623 Qui
575 2539 679 2614 venit
694 2538 755 2612 hic
774 2538 925 2626 fluctus
945 2539 1083 2614 fluctus
1101 2541 1357 2640 supereminet
1372 2565 1528 2629 omnes3

532 2654 724 2730 Posterior
741 2680 840 2729 nono
858 2665 930 2743 est,
950 2657 1229 2756 undecimoque
1248 2658 1360 2755 prior.
1482 2662 1531 2729 50

481 2769 566 2845 Nec
584 2771 701 2845 letum
719 2771 855 2847 timeo:
884 2796 1005 2868 genus
1022 2785 1083 2847 est
1099 2771 1313 2845 miserabile
1330 2771 1409 2845 leti.

533 2886 684 2962 Demite
702 2887 950 2985 naufragium,
970 2913 1070 2963 mors
1089 2889 1180 2961 mihi
1198 2913 1334 2961 munus
1352 2886 1434 2962 erit.

513 3089 554 3137 36.
565 3087 740 3136 Orcnecaturot
746 3090 880 3151 ocdpiecrru
886 3089 979 3153 aqum]
1031 3080 1086 3139 vide
1098 3088 1192 3139 vitruv.
1208 3090 1250 3137 lib.
1264 3106 1289 3138 x.
1306 3103 1361 3154 cap.
1373 3088 1419 3149 163
1444 3088 1530 3154 Veget.

478 3162 654 3221 Bonrlocuti03
664 3160 979 3225 sicVirg.vi.AEneid.4l³:
1030 3164 1074 3213 lib.
1084 3163 1116 3213 ἰν.
1127 3178 1181 3229 cap.
1192 3164 1233 3211 22.

515 3238 609 3286 Gemuit
617 3239 659 3285 rub
668 3240 769 3298 pondm
779 3238 859 3300 cymba
1064 3239 1104 3287 60.
1122 3238 1237 3287 Posterior·
1251 3254 1309 3286 norro
1318 3246 1359 3294 ert,
1369 3238 1530 3301 sedecimque

546 3312 637 3367 Sutilis,
649 3321 671 3359 ot
686 3312 783 3359 multam
799 3313 886 3373 acecpit
899 3314 980 3359 morosa
1029 3311 1117 3375 priam]
1139 3311 1249 3360 Fluctum
1259 3310 1380 3375 intelligit,
1390 3326 1460 3375 quern
1471 3327 1529 3376 poe·

575 3386 701 3447 paludem
1003 3376 1006 3389 ⁸
1030 3394 1061 3435 tre
1082 3388 1194 3435 decimum
1215 3385 1264 3435 sive
1281 3386 1431 3435 mmmm
1447 3386 1529 3450 appel·

481 3466 507 3505 et
517 3455 551 3505 iii.
562 3458 620 3506 AEn.
631 3458 688 3506 242.
1031 3460 1090 3517 lant,
1101 3459 1143 3524 qui
1160 3458 1279 3508 maximus
1291 3474 1342 3508 esse
1356 3458 1425 3509 solet.
1458 3459 1529 3510 Unde

513 3531 981 3595 &dueqruvimptumirutimmoul-
1028 3535 1178 3582 demmonam
1198 3532 1271 3581 etiam
1289 3542 1379 3595 porram
1398 3532 1424 3581 in
1445 3535 1530 3583 cestris

576 3622 633 3654 nera
643 3616 708 3671 tergo
1029 3606 1167 3664 maximam,
1182 3614 1207 3655 et
1223 3607 1254 3655 ab
1272 3606 1343 3655 hoste
1355 3622 1471 3664 avenam,
1486 3624 1528 3674 np-

545 3680 680 3742 Accr'piunr.
1029 3680 1105 3745 pellat
1126 3680 1223 3731 livius:
1251 3679 1306 3730 vide
1325 3690 1350 3730 et
1367 3679 1482 3731 Politian.
1502 3682 1528 3733 in

513 3753 554 3802 41,
572 3752 593 3800 0
605 3753 680 3816 bem]
701 3752 735 3801 Dr
749 3754 803 3802 beru
814 3761 869 3802 octo
881 3760 924 3802 aut
938 3769 976 3803 no·
1029 3752 1167 3803 Miscellan.
1177 3754 1209 3801 vi.

370 3837 374 3846 ·
480 3842 534 3878 vem
545 3842 575 3874 ex
585 3826 738 3886 melioribus5
753 3828 789 3876 ita
797 3826 895 3885 Statius,
907 3827 980 3877 Clan-
1062 3829 1102 3877 51.
1121 3828 1174 3877 Non
1185 3831 1256 3877 lerum
1269 3829 1354 3893 tirum]
1375 3828 1425 3878 Noc
1437 3829 1528 3895 scripti.

480 3900 574 3955 dianus,
580 3900 709 3959 Ausonius,
716 3908 742 3950 et
752 3900 810 3950 dii:
827 3902 946 3966 quomodo
956 3912 980 3951 et
1030 3900 1119 3950 Hrnn.
1138 3901 1527 3955 Goummoautoouume

480 3974 797 4025 DimeliuretDtmeh'ora.
829 3976 921 4025 Hnms.
1030 3976 1094 4024 enim
1105 3976 1146 4041 (nt
1156 3975 1227 4025 docet
1237 3977 1367 4039 Homer-m)
1378 3977 1453 4043 perire
1468 3994 1527 4029 nau·

512 4050 553 4097 43.
570 4050 676 4097 Arriano
691 4050 840 4113 arpos-eam]
860 4049 979 4108 Quamvis
1029 4048 1120 4113 fregio:
1137 4047 1195 4113 quia
1213 4049 1293 4099 anima
1307 4050 1380 4115 ignea
1395 4058 1440 4109 est,
1450 4061 1475 4101 ct
1485 4068 1526 4102 ex·
1563 4077 1567 4081 ·

479 4122 603 4186 naufragio
609 4121 667 4170 mihi
672 4121 724 4171 vita
732 4122 858 4180 adimunt,
864 4122 978 4173 incolumi
1028 4120 1118 4185 stingui
1127 4121 1220 4171 videtur
1230 4122 1255 4173 in
1262 4137 1333 4188 aqua,
1344 4125 1462 4173 elemento
1470 4140 1527 4175 eoo-

361 4262 366 4270 ἱ
479 4214 534 4246 mea
543 4212 624 4251 uxore.
637 4197 716 4245 vivere
727 4196 825 4261 quidem
839 4195 897 4244 mihi
911 4197 976 4247 vide-
1029 4194 1115 4256 trari03
1132 4196 1251 4262 tumqnia
1264 4198 1298 4247 sie
1314 4198 1440 4249 morientes
1453 4200 1524 4270 piscis
1612 4261 1615 4270 Ι

478 4273 559 4321 debor.
592 4270 664 4320 Cror.
1029 4271 1073 4319 bus
1083 4272 1214 4329 escafinnt,
1223 4286 1267 4321 nec
1275 4273 1541 4330 tumultuarentur..

510 4348 551 4395 48.
573 4345 651 4394 Grave
670 4361 727 4393 onus
750 4343 856 4407 buturo]
886 4344 978 4393 Gravia
1029 4343 1118 4393 Arrun.
1135 4345 1336 4397 VideetAristot.
1346 4347 1405 4397 Eu.
1417 4347 1472 4397 Nic.
1483 4348 1526 4398 lib.

477 4419 583 4485 pondera
600 4427 708 4475 er'saxa,
726 4433 780 4482 qna
797 4417 919 4466 vibrantur
932 4419 974 4466 ba·
1027 4418 1051 4466 3.
1061 4433 1083 4466 c.
1095 4419 1119 4465 6.

476 4492 545 4541 listis.
577 4492 711 4541 Mentem
719 4493 974 4549 balistntmmentum,
1059 4494 1099 4541 52.
1117 4492 1249 4541 Morrmr'iri
1259 4493 1416 4556 mutareris]
1434 4494 1526 4545 Seneca

479 4579 590 4629 qnosaxa
598 4566 688 4630 majora
694 4573 718 4614 er
723 4564 831 4629 graviora
837 4563 974 4614 mittuntur:
1026 4563 1051 4613 in
1060 4564 1150 4630 Agam.
1163 4566 1226 4615 Mon
1235 4567 1291 4617 mur
1301 4570 1346 4615 m'r
1357 4571 1476 4618 maritas.
