3609 5967
467 764 490 825 4
762 758 800 821 Ρ.
824 756 986 822 OVIDII
1010 756 1220 822 NASONIS

471 935 569 1009 A'era
586 957 659 1007 non
677 932 799 1030 potuit
817 930 963 1017 Minos;
993 932 1066 1004 alia
1082 931 1207 1005 omnia
1223 931 1369 1007 clausit.

522 1049 644 1133 Quem
662 1049 762 1134 licet,
777 1048 934 1121 inventis
952 1047 1038 1121 adra
1053 1071 1185 1147 rumpe
1201 1049 1308 1122 meis.

472 1166 550 1240 Sed
567 1164 636 1238 tibi
654 1188 724 1238 nec
740 1165 844 1260 virgo
861 1162 1034 1258 Tegeaea,
1053 1185 1257 1262 comesque
1275 1163 1407 1239 Bootae
1459 1170 1507 1239 55

522 1280 681 1377 Ensiger
699 1278 816 1352 Orion
834 1277 1099 1375 adspiciendus
1117 1280 1198 1353 erit.

471 1394 538 1471 Me
555 1398 687 1496 pennis
705 1406 848 1468 sectare
865 1393 976 1467 datis.
996 1417 1067 1489 ego
1084 1396 1244 1491 praevius
1261 1395 1336 1469 ibo.

522 1514 581 1587 Sit
597 1524 662 1587 tua
678 1536 768 1585 cura
785 1510 914 1608 sequi:
942 1533 1004 1582 me
1021 1510 1119 1583 duce
1136 1520 1239 1584 tutus
1256 1512 1342 1584 eris.

472 1629 572 1704 Nam
590 1630 667 1702 sive
685 1627 856 1703 aetherias
873 1624 995 1699 vicino
1014 1625 1093 1698 sole
1109 1649 1178 1723 per
1194 1649 1304 1699 auras

520 1747 677 1831 Ibimus,
697 1744 895 1843 impatiens
914 1766 1002 1816 cera
1017 1741 1151 1814 caloris
1168 1741 1251 1814 erit.
1457 1747 1507 1817 60

473 1864 559 1935 Sive
577 1862 735 1936 humiles
753 1861 927 1960 propiore
943 1859 1038 1933 freto
1050 1858 1277 1955 jactabimus
1296 1859 1386 1944 alas,

520 1978 673 2051 Mobilis
691 1978 873 2074 aequoreis
891 2000 1017 2075 penna
1032 1975 1225 2049 madescet
1241 1975 1362 2072 aquis.

471 2093 575 2167 Inter
588 2106 789 2189 utrumque
801 2093 902 2165 vola:
922 2102 1053 2165 ventos
1067 2114 1231 2188 quoque,
1245 2100 1345 2178 nate,
1355 2092 1503 2179 timeto;

519 2209 680 2306 Quaque
696 2208 816 2283 ferent
833 2232 946 2293 aurae,
963 2208 1048 2281 vela
1063 2208 1231 2281 secunda
1245 2208 1346 2282 dato.

471 2324 573 2398 Dum
594 2333 734 2410 monet,
754 2334 859 2423 aptat
884 2347 979 2422 opus
1003 2346 1131 2420 puero,
1149 2334 1408 2421 monstratque
1428 2348 1505 2398 mo-

617 2441 715 2515 veri:
1458 2444 1506 2515 65

520 2556 655 2631 Erudit
671 2556 835 2630 infirmas
853 2568 895 2629 ut
913 2580 982 2630 sua
998 2568 1118 2631 mater
1134 2581 1232 2631 aves.

469 2671 653 2753 Indesibi
671 2672 789 2747 factas
806 2673 972 2747 humeris
990 2674 1253 2748 adcommodat
1269 2675 1369 2749 alas:

517 2788 639 2886 Inque
657 2813 792 2863 novum
810 2790 941 2865 timide
958 2815 1115 2889 corpora
1130 2792 1241 2866 librat
1257 2792 1339 2865 iter.

465 2902 628 3002 Jamque
645 2905 833 2979 volaturus
851 2930 966 3004 parvo
983 2907 1090 2981 dedit
1105 2908 1235 2981 oscula
1250 2917 1361 2982 nato:

517 3019 600 3093 Nec
617 3022 748 3119 patrioe
765 3022 936 3095 lacrimas
954 3022 1172 3095 continuere
1188 3046 1307 3118 genae.
1458 3028 1506 3096 70

467 3133 600 3209 Monte
618 3138 737 3209 minor
754 3137 870 3223 collis,
890 3137 1035 3236 campis
1053 3148 1134 3211 erat
1150 3137 1258 3210 altior
1274 3138 1414 3233 aequis:

517 3250 616 3325 Hinc
633 3252 723 3325 data
739 3263 828 3326 sunt
842 3253 988 3326 miserae
1005 3275 1162 3351 corpora
1177 3251 1267 3325 bina
1282 3250 1393 3347 fngae.

467 3367 517 3441 Et
536 3380 659 3443 movet
675 3370 757 3467 ipse
775 3394 874 3457 suas,
893 3381 933 3443 et
949 3369 1028 3443 nati
1044 3367 1199 3467 respicit
1216 3368 1294 3440 alas

517 3486 717 3575 Daedalus3
746 3497 785 3560 et
802 3511 933 3561 cursus
951 3487 1113 3560 sustinet
1129 3505 1251 3580 usque
1269 3506 1370 3557 suos.

464 3601 627 3700 Jamque
641 3626 776 3677 novum
795 3605 960 3679 delectat
973 3604 1065 3677 iter:
1093 3600 1295 3700 positoque
1305 3599 1438 3675 timore
1456 3606 1503 3675 75

515 3717 643 3792 Icarus
663 3718 796 3793 audaci
814 3719 946 3794 fortius
963 3728 1044 3792 arte
1060 3716 1172 3790 volat.

466 3832 547 3908 Hos
566 3835 712 3932 aliquis,
731 3836 890 3908 tremula
908 3836 999 3909 dum
1018 3842 1147 3932 captat
1165 3831 1345 3905 arundine
1365 3832 1502 3929 pisceS,

514 3948 641 4037 Vidit;
671 3960 709 4045 et
726 3950 918 4049 inceptum
935 3950 1070 4023 dextra
1086 3946 1238 4043 reliquit
1253 3972 1361 4045 opus,

496 4136 538 4182 55.
556 4132 956 4200 eauamagangmaa]
1008 4129 1505 4199 syanuasms'upovaama,
1640 4116 1646 4126 '

465 4206 556 4257 Culisto
569 4206 685 4271 Lycaonis
699 4206 808 4256 Amudin
824 4206 887 4272 regis
900 4206 958 4266 filia,
1007 4207 1138 4274 ἀροτριᾷν.
1147 4204 1374 4272 lind'ssoiovddm
1385 4206 1504 4267 Λάκωνες.

464 4281 529 4331 dicta
546 4280 580 4330 sic
598 4296 614 4330 a
629 4280 709 4346 Tegee
726 4282 792 4331 urbe.
809 4281 891 4331 rou.
907 4281 957 4331 vid.
1009 4280 1058 4331 Ubi
1079 4279 1154 4329 On'ou
1175 4294 1231 4327 cum
1252 4278 1324 4327 Bootis
1343 4279 1504 4329 confunditur.

464 4356 526 4421 apud
536 4356 659 4413 Nostrum,
672 4356 773 4405 Metam.
783 4352 809 4404 ii.
819 4363 844 4404 et
854 4355 920 4405 Fut.
930 4355 958 4404 ii.
1009 4354 1126 4423 quomodo
1146 4352 1187 4403 olii
1205 4368 1261 4402 cum
1281 4352 1359 4401 Icario
1376 4369 1451 4402 unum
1468 4354 1505 4404 lt·

467 4432 520 4479 156.
530 4430 643 4480 Meminit
650 4446 743 4496 quoque
755 4429 857 4479 Pansam
867 4429 958 4479 Arctd.
1008 4430 1083 4479 ciunt.
1115 4428 1206 4477 Hune.

464 4501 643 4554 iiiuubflnem.
677 4503 767 4553 Auum
1041 4504 1081 4553 78.
1098 4501 1308 4564 incensandum
1320 4501 1502 4567 relnqurropu]

499 4579 615 4641 Comama
637 4578 737 4643 Boram]
759 4576 822 4627 Novi
845 4578 888 4627 illa
908 4578 959 4627 He·
1011 4572 1262 4641 mowenomuln
1277 4589 1339 4622 unm
1347 4572 1506 4625 Vaticana-
