3609 5967
472 762 518 829 72
764 764 801 828 P.
826 762 986 829 OVIDII
1010 763 1222 830 NASONIS

475 940 635 1015 Vatibus
653 938 783 1012 Aoniis
801 939 929 1013 faciles
946 950 1079 1025 estote,
1098 937 1246 1035 puelloe.

527 1054 677 1129 Numen
694 1056 792 1129 inest
808 1056 899 1142 illis3
929 1054 1174 1151 Pieridesque
1191 1051 1328 1127 favent.

476 1168 546 1245 Est
565 1171 668 1245 Deus
686 1172 724 1243 in
742 1171 869 1258 nobis3
898 1180 937 1244 et
953 1180 1041 1242 sunt
1057 1169 1283 1244 commercia
1298 1170 1395 1242 coeli.

527 1286 689 1361 Sedibus
707 1286 868 1360 aetheriis
885 1285 1038 1383 spiritus
1054 1285 1117 1358 ille
1133 1285 1245 1359 venit.
1439 1289 1512 1358 550

476 1402 510 1476 Α
528 1402 649 1477 doctis
666 1402 827 1501 pretium
845 1400 969 1474 scelus
986 1411 1046 1474 est
1062 1424 1213 1498 sperare
1230 1400 1364 1499 poetis.

527 1518 593 1593 Me
610 1518 806 1591 miserum!
834 1516 958 1591 scelus
976 1516 1048 1589 hoo
1066 1516 1169 1589 nulla
1184 1517 1310 1614 puella
1325 1515 1445 1592 timet.

477 1635 721 1712 Dissimulate
737 1644 874 1721 tamen,
894 1657 964 1707 nec
981 1634 1102 1731 primu
1118 1631 1239 1706 fronte
1256 1656 1411 1731 rapaces
1455 1658 1458 1663 ·

527 1752 632 1827 Este.
659 1774 777 1824 novus
794 1749 874 1823 viso
891 1772 1001 1823 casse
1018 1749 1167 1823 resistet
1183 1772 1326 1823 amans.

479 1868 556 1942 Sed
583 1891 707 1965 neque
731 1876 858 1940 vector
884 1888 1036 1962 equum,
1065 1864 1131 1961 qui
1158 1888 1279 1962 nuper
1304 1864 1423 1939 sensit
1448 1865 1513 1939 ba·

448 2000 460 2007 ·
625 1984 753 2069 benus,
1440 1984 1514 2055 555

529 2099 779 2198 Comparibus
796 2096 923 2181 frenis,
942 2094 1199 2191 artificemque
1217 2106 1334 2191 regat.

479 2216 561 2292 Nee
579 2215 735 2289 stabiles
753 2214 859 2289 annis
877 2211 1034 2298 animos,
1051 2211 1285 2308 viridemque
1296 2213 1490 2307 juventam

530 2332 583 2404 Ut
600 2330 739 2429 copiae,
758 2331 858 2405 idem
875 2330 983 2403 limes
997 2329 1165 2425 agendus
1182 2328 1264 2403 erit.

479 2446 552 2521 Hie
570 2448 685 2533 rudis,
704 2456 743 2520 et
760 2445 892 2519 castris
911 2468 1010 2517 nuno
1027 2444 1188 2542 primum
1205 2452 1315 2516 notus
1332 2444 1492 2532 Amoris,

528 2561 602 2648 Qui
621 2561 746 2658 tetigit
764 2561 948 2635 thalamos
966 2561 1095 2660 praeda
1111 2562 1258 2635 novella
1272 2571 1378 2650 tuos3
1442 2567 1516 2637 560

477 2676 532 2753 Te
549 2678 667 2751 solam
685 2676 803 2766 norit3
832 2676 901 2751 tibi
919 2699 1067 2774 semper
1084 2676 1263 2750 inhaereat
1279 2677 1356 2749 uni.

529 2792 727 2890 Cingenda
743 2803 802 2865 est
819 2792 905 2866 altis
921 2793 1076 2891 sepibus
1093 2792 1168 2867 iste
1184 2815 1315 2889 seges:

477 2910 614 3007 Effuge
631 2910 803 2985 rivalem:
831 2911 972 2995 vinces,
991 2909 1080 2983 dum
1100 2909 1181 2982 sola
1196 2906 1356 2982 tenebis.

528 3024 565 3097 N
567 3048 615 3099 on
632 3025 728 3100 bene
746 3047 833 3097 cum
851 3024 963 3097 sociis
980 3046 1096 3119 regna
1113 3021 1318 3119 Venusque
1334 3035 1498 3099 manent.
1611 3032 1614 3042 '

478 3140 547 3215 Ille
564 3151 671 3215 vetus
688 3140 796 3215 miles
815 3142 955 3214 sensim
973 3150 1012 3213 et
1029 3140 1218 3238 sapienter
1233 3140 1392 3214 amabit:
1442 3144 1515 3214 565

526 3254 728 3353 Multaque
744 3257 855 3329 tironi
873 3282 947 3329 non
965 3257 1143 3356 potienda
1159 3255 1265 3329 feret.

479 3370 561 3444 Nec
578 3369 725 3467 franget
741 3382 881 3470 postes,
900 3398 971 3447 nec
990 3373 1097 3447 saevis
1115 3372 1265 3469 ignibus
1282 3382 1385 3458 uret;
1429 3381 1432 3385 ’

528 3484 612 3560 Nec
629 3487 789 3560 dominae
806 3499 954 3563 teneras
973 3490 1126 3587 adpetet
1142 3512 1268 3585 ungue
1286 3510 1414 3585 genas.

510 3784 567 3831 550.
589 3782 681 3831 Sodtbm
701 3785 798 3832 abortio
818 3786 912 3845 spirituo
933 3786 973 3832 r'tte
1022 3782 1517 3849 verospeeiemesseamommtotiesNos·

477 3856 562 3919 uenit]
575 3855 769 3923 Huofaeitquod
780 3856 973 3907 seribitM.Tul-
1022 3856 1181 3907 terincnlont.
1213 3855 1301 3904 Bunrr.

478 3931 531 3986 Iius,
539 3929 581 3979 lib.
590 3930 616 3979 ii.
648 3930 686 3980 De
698 3932 765 3981 Orat.
776 3932 806 3981 ed
818 3933 849 3991 Q.
861 3934 971 3982 tratremr
1054 3933 1111 3981 565.
1128 3930 1173 3979 Itu
1185 3938 1250 3978 mnu
1264 3931 1335 3987 mites,
1344 3929 1404 3993 bre]
1422 3929 1519 3978 Monuit

479 4004 607 4066 Septem
617 4007 696 4054 mutor·
707 4008 796 4069 potum
810 4008 890 4055 bonum
904 4010 973 4055 nomi·
1019 4005 1070 4070 jam
1087 4005 1156 4060 viros,
1173 4002 1268 4065 (libii.
1282 4002 1353 4067 667.)
1367 4012 1395 4052 ut
1407 4003 1519 4052 muliere·

478 4096 528 4128 nem
542 4078 580 4144 (id
593 4082 652 4142 quod
662 4098 677 4127 a
690 4080 824 4138 Democrito,
840 4090 862 4130 et
877 4081 975 4130 Platona
1022 4086 1168 4144 proponant,
1178 4092 1239 4144 quas
1248 4085 1307 4127 ntus
1315 4077 1436 4135 maturior,
1447 4086 1472 4125 et
1481 4093 1518 4125 re-

478 4154 598 4215 inuuiptis
607 4154 973 4217 retieronaoedtaonr)stmtn·
1023 4168 1075 4203 rum
1100 4152 1265 4202 materiarum
1285 4168 1343 4200 utun
1360 4153 1518 4215 prudentium

471 4227 629 4291 flammatibus
648 4228 774 4275 animorum
794 4231 887 4277 ertatem
905 4244 973 4290 pum,
1022 4227 1114 4277 effecit:
1131 4225 1517 4284 idemnunesednlitmobonu·

477 4304 565 4351 ctrina
580 4304 675 4366 quodam
695 4300 777 4366 <afflatu
798 4305 861 4365 quusi
872 4302 974 4368 suroris.
1021 4318 1081 4359 sam,
1110 4302 1248 4351 mulieribus
1273 4301 1330 4366 ipsis
1346 4298 1467 4365 precipit3
1493 4310 1519 4349 ot

478 4376 549 4425 Cror.
1022 4384 1232 4438 utnrmquereote·
1266 4376 1352 4423 Auru.

510 4451 566 4499 561.
582 4449 717 4512 Intereat]
736 4448 919 4514 Neapolitanus,
929 4452 973 4497 rut·
1055 4450 1195 4513 septenum]
1214 4450 1299 4499 Douza
1310 4447 1415 4497 molebat
1429 4449 1518 4510 potien-

479 4523 528 4571 b'tet
545 4526 595 4572 unt.
613 4524 675 4589 quod
692 4521 823 4588 eleg-nntius
839 4532 882 4580 est,
900 4538 972 4587 quam
1023 4536 1066 4580 ter,
1077 4531 1178 4589 utsoepe
1188 4522 1254 4572 uiti.

475 4604 506 4645 ut
521 4612 536 4645 e
550 4596 644 4646 librario
656 4598 687 4647 sit
706 4596 844 4663 protectum.
877 4596 973 4645 Militire
