3609 5967
485 781 720 849 rnrsrrun
745 780 911 853 mnu.
935 762 1009 845 en'
1031 780 1198 845 omen.
1306 781 1371 881 roo

316 957 425 1031 Neve
438 956 577 1055 quibus
590 956 752 1031 scribam
766 954 889 1053 possis
903 953 1098 1041 dubitare3
1119 953 1270 1035 libellus
1294 956 1368 1027 245

366 1073 537 1159 Quatuor
554 1076 623 1149 hos
640 1096 770 1148 versus
788 1096 810 1145 e
828 1070 948 1145 tribus
966 1094 1063 1143 unus
1081 1070 1198 1151 habet
1209 1054 1227 1144 τ’

315 1198 339 1281 ‘.‘
359 1187 452 1263 Este
469 1190 612 1288 procul,
631 1189 735 1262 vittae
754 1199 902 1273 tenues,
924 1187 1073 1284 insigne
1090 1185 1259 1284 pudoris,
1334 1250 1339 1257 ,

366 1303 537 1404 Quaeque
555 1304 654 1401 tegis
672 1303 831 1390 medios,
850 1301 982 1377 instita
997 1302 1123 1398 longa,
1142 1301 1281 1400 pedes:

315 1421 392 1507 Nil,
411 1419 484 1495 nisi
502 1419 728 1518 legitimum,
747 1443 1008 1517 concessaque
1025 1418 1137 1506 furta,
1157 1441 1360 1504 canemus;

365 1534 490 1634 Inque
508 1561 594 1611 meo
611 1536 757 1610 nullum
774 1536 1100 1611 carminecrimen
1119 1533 1229 1609 erit.'’
1293 1539 1368 1607 250

315 1651 466 1750 Ecquid
485 1653 533 1726 ab
551 1652 622 1725 hac
640 1675 771 1725 omnes
790 1649 911 1746 rigide
929 1649 1189 1725 submovimus
1207 1660 1299 1735 arte,

365 1767 471 1852 Quas
489 1768 589 1842 stola
605 1766 773 1863 contingi
792 1765 963 1864 vittaque
981 1777 1107 1840 sumta
1123 1766 1252 1840 vetat?

314 1884 367 1957 At
384 1896 556 1959 matrona
571 1894 699 1982 potest
713 1882 847 1958 alienis
866 1883 1012 1957 artibus
1030 1882 1107 1972 uti;

364 1998 527 2098 Quoque
545 2000 680 2084 trahat,
700 1998 874 2097 quamvis
891 2022 969 2071 non
986 1998 1181 2083 doceatur,
1202 1997 1327 2082 habet.

316 2114 380 2189 Nil
396 2116 511 2213 igitur
527 2127 699 2195 matrona
716 2116 840 2213 leget:
870 2115 961 2215 quie
977 2115 1145 2189 carmine
1164 2114 1212 2197 ab
1229 2112 1331 2188 omni

363 2233 423 2307 Ad
440 2234 737 2332 delinquendum
755 2234 903 2307 doctior
921 2244 1007 2307 esse
1025 2243 1164 2331 potest.
1223 2256 1226 2263 ·
1293 2233 1368 2304 256

314 2348 591 2448 Quodcumque
608 2349 797 2447 adtigerit,
813 2350 843 2422 si
860 2358 1014 2446 quaest
1030 2348 1200 2424 studiosa
1216 2345 1369 2431 sinistri,

365 2465 427 2538 Ad
443 2465 575 2541 vitium
592 2487 716 2539 mores
735 2465 898 2539 instruet
914 2462 1004 2537 inde
1024 2487 1124 2537 suos.

318 2579 505 2653 Sumserit
522 2580 698 2667 annales3
729 2578 823 2651 nihil
840 2588 901 2652 est
918 2578 1100 2652 hirsutius
1119 2577 1193 2651 illis
1208 2605 1217 2666 ;

370 2694 488 2769 Facta
504 2696 554 2769 sit
570 2694 673 2769 unde
688 2705 835 2794 ‘parens'
847 2694 931 2781 Ilia,
950 2718 1088 2792 nempe
1105 2694 1207 2790 leget
1218 2717 1243 2781 ;·
1303 2696 1372 2765 160

315 2810 516 2896 sumserit,
530 2811 742 2886 AEneodum
757 2810 920 2909 genitrix
934 2810 998 2884 ubi
1016 2810 1161 2907 prima3
1191 2808 1368 2906 requiret,

365 2926 579 3002 AEneadum
596 2928 761 3025 genitrix
780 2929 879 3003 unde
896 2926 949 3001 sit
966 2926 1066 3001 almo
1081 2924 1224 3001 Venus.
1255 2910 1259 2917 ’

345 3194 402 3244 247.
423 3193 585 3251 Vmerorum,
598 3197 813 3261 insigniremus]
867 3206 894 3246 ut
917 3212 947 3246 ee
971 3196 1041 3253 telos,
1063 3196 1171 3261 imosque
1197 3193 1272 3259 pedes
1299 3200 1371 3256 teget.

315 3266 427 3331 Virgines
451 3266 562 3333 designet
584 3275 611 3317 et
637 3269 752 3334 innuptas
774 3287 817 3336 per
866 3271 980 3321 Hsnrrs.
1281 3285 1283 3292 ⁴

314 3344 393 3390 uittas.
403 3340 467 3390 Vide
477 3340 581 3390 Turneb.
591 3340 634 3390 lib.
646 3341 713 3402 xxiii.
724 3359 778 3410 cap.
792 3346 816 3393 5.
898 3346 956 3395 257.
975 3344 1016 3393 Est
1033 3346 1134 3392 studiosa
1150 3341 1262 3405 sinum]
1284 3339 1369 3389 Studet

314 3425 339 3463 et
350 3415 392 3464 lib.
402 3415 468 3464 xxix.
479 3431 533 3481 etp.
543 3418 567 3464 4.
687 3469 690 3475 Ι
866 3420 939 3469 resin
950 3418 1070 3467 sinistrum
1085 3425 1110 3465 et
1125 3414 1267 3465 mntruriem
1277 3422 1369 3479 partem

346 3490 404 3537 2⁴0.
415 3487 523 3552 instita]
543 3489 587 3539 Est
597 3489 660 3538 stola
671 3488 832 3539 matronalis!
867 3493 984 3558 occipere,
995 3489 1106 3556 proclivis
1118 3489 1148 3538 ed
1159 3486 1285 3538 deteriora.

314 3580 338 3610 v.
351 3563 471 3613 Ferrarius
481 3564 512 3612 de
523 3578 549 3612 re
559 3563 672 3613 vestieris
682 3563 736 3612 libr.
748 3562 782 3612 iii.
792 3580 817 3629 p.
899 3567 959 3615 259.
979 3564 1122 3628 Horatius]
1148 3564 1175 3613 b.
1191 3579 1214 3613 e.
1233 3560 1369 3616 ineomtius

313 3637 372 3694 22³,
384 3638 443 3685 22⁴.
454 3638 549 3687 Patavii
562 3639 633 3687 loos.
647 3638 732 3687 Horat.
741 3638 818 3686 Serm.
867 3640 971 3705 gravius,
987 3639 1100 3695 severius,
1118 3637 1191 3687 'nullis
1205 3634 1300 3686 deliciis
1316 3650 1367 3682 cor·

313 3709 537 3760 i.2.29.ubivide
553 3710 696 3760 scholiastes
709 3711 817 3760 etinter·
867 3722 973 3780 ruptum.
995 3730 1018 3762 v.
1039 3713 1123 3761 Burin.
1145 3710 1186 3776 qui
1213 3707 1297 3758 laudat
1319 3707 1371 3756 Jos.

313 3794 400 3852 protes.
427 3785 556 3835 Gesseris
566 3784 689 3848 l'hqseuro
699 3784 816 3851 Stephon.
867 3780 1370 3850 Csstal.0bss.decsd.cap.d.l3roukhus.

314 3859 411 3909 uberius
425 3857 456 3908 de
471 3858 516 3907 hec
529 3866 595 3907 veste
609 3858 735 3908 mausueti
747 3857 817 3907 diffe-
855 3860 899 3910 ed
917 3860 1051 3926 Properti.
1064 3863 1087 3909 1.
1101 3862 1139 3909 12.
1153 3859 1187 3908 iv.
1201 3862 1222 3907 l.
1233 3859 1273 3906 61.
1298 3856 1370 3907 Tales

313 3949 376 3989 rens,
401 3941 555 3997 nostrumque
582 3932 661 3982 locum
685 3931 818 3998 explicem,
868 3943 949 3984 sutem
965 3935 1061 3984 luerunt
1074 3933 1173 3983 conules
1189 3930 1296 3989 maximi,
1307 3932 1370 3980 Pon·

313 4007 389 4073 Toga,
399 4006 486 4072 inquit,
496 4006 662 4056 libertinarum
678 4006 710 4057 sd
726 4006 817 4057 medios
864 4010 958 4071 titieum
977 4025 1050 4075 opera
1068 4008 1179 4066 conlecti,
1200 4008 1289 4072 aliique
1308 4006 1370 4056 auti-

314 4092 406 4131 tuntum
416 4081 491 4147 pedes
501 4081 625 4131 deseendit
632 4098 640 4141 ;
657 4082 817 4146 imtitolonga
866 4081 1112 4149 quissimi,ipsiusque
1120 4081 1201 4131 Ennii.
1234 4082 1315 4139 Quare
1323 4094 1370 4128 oon

314 4155 482 4221 metonymice,
493 4171 548 4220 que
563 4154 674 4220 producit
687 4164 712 4205 et
721 4155 817 4220 longum
867 4164 912 4213 est,
925 4155 990 4221 quod
1006 4171 1062 4204 cum
1078 4154 1178 4205 Heinsio
1188 4155 1262 4212 (nitu
1275 4163 1308 4201 eit
1321 4154 1369 4200 ttr-

314 4227 373 4278 lucit
382 4237 472 4294 togam,
483 4239 510 4278 ut
526 4229 589 4278 stols
606 4228 657 4285 fist,
670 4227 762 4277 medios
775 4243 817 4294 pc·
865 4229 955 4291 mous)
969 4229 1033 4277 Enni
1042 4229 1158 4294 legumus
1191 4228 1306 4275 Hsnrrs.

315 4303 366 4360 des,
383 4302 483 4354 intcdtos
501 4313 566 4369 toga,
582 4303 647 4353 velot
666 4318 694 4353 oc
716 4302 818 4367 tegit-
899 4304 957 4352 260.
977 4302 1048 4352 Foeta
1066 4306 1097 4351 rit
1115 4305 1177 4351 unde
1195 4315 1280 4363 parm
1296 4296 1368 4362 rm]

315 4377 416 4427 Manent
427 4394 492 4442 ergo,
501 4379 605 4426 institam
616 4376 683 4426 illem
693 4375 817 4441 antiquum
866 4376 993 4436 Quomodo
1010 4376 1065 4432 ltia,
1078 4391 1122 4426 seu
1134 4375 1205 4422 Rhea
1214 4369 1304 4435 Sylvie,
1317 4388 1371 4436 gra-

316 4450 410 4500 }{uratii
426 4461 451 4501 et
468 4451 550 4501 Ovidii
568 4467 621 4502 esse
639 4451 739 4500 luscium
759 4450 817 4500 setis
866 4448 1157 4515 vidueMartegeminos
1168 4444 1270 4512 peperit.
1299 4487 1305 4495 .

315 4524 399 4582 hum,
409 4541 462 4590 qun
478 4534 538 4591 toga
552 4527 651 4576 subsuta
665 4525 751 4575 stolum
765 4526 815 4575 effi·
899 4526 959 4575 262.
972 4525 1102 4573 AEvuaclum
1111 4519 1233 4585 generis]
1251 4516 1370 4571 Romano.

315 4600 374 4656 ciet,
390 4601 678 4652 velcertestolemvelut
690 4600 816 4675 producet,
867 4616 919 4649 rum
940 4608 1024 4647 meter.
1061 4596 1128 4645 Unde
1146 4593 1281 4667 sentrude
1297 4594 1370 4647 ducet

932 4680 982 4725 04
