3609 5967
527 761 593 824 340
818 755 857 818 P.
885 751 1047 818 OVIDII
1073 749 1286 818 NASONIS

529 933 599 1007 lue
617 955 733 1005 senex
751 929 876 1004 dictus
894 927 1045 1025 sapiens
1064 927 1112 998 ab
1131 924 1319 1022 Apolline,
1338 926 1480 998 nullum
1527 930 1569 999 15

580 1047 754 1121 Scribere
771 1045 810 1116 in
828 1043 900 1116 hoc
918 1065 1010 1115 casu
1029 1039 1273 1114 sustinuisset
1289 1065 1397 1139 opus.

531 1163 585 1237 Ut
602 1163 732 1262 patriae
748 1159 913 1244 veniant,
933 1155 1087 1230 veniant
1102 1155 1241 1230 oblivia
1257 1157 1391 1244 vestri;

579 1279 714 1353 Omnis
732 1288 776 1350 ut
794 1275 951 1350 admissi
970 1297 1105 1348 sensus
1120 1273 1253 1347 abesse
1270 1282 1409 1369 queat3

528 1395 581 1469 At
596 1396 707 1470 timor
724 1392 847 1467 officio
863 1391 968 1486 fungi
987 1399 1091 1464 vetat
1108 1389 1191 1487 ipse
1207 1388 1359 1485 quicto:

578 1511 738 1586 Cinctus
754 1510 803 1583 ab
820 1508 1017 1581 innumero
1034 1531 1096 1580 me
1114 1515 1219 1579 tenet
1236 1506 1347 1580 hoste
1364 1506 1480 1579 locus.
1521 1509 1568 1576 20

529 1627 652 1714 Adde,
671 1625 775 1724 quod
793 1623 985 1721 ingenium
1005 1623 1118 1719 longa
1136 1622 1308 1719 rubigine
1325 1624 1456 1696 loesum

577 1742 732 1841 Torpet,
750 1752 791 1815 et
807 1752 868 1815 est
883 1740 1015 1826 multo,
1035 1761 1150 1835 quam
1168 1737 1239 1812 suit
1256 1749 1357 1824 ante,
1375 1741 1510 1812 minus.

530 1858 692 1945 Fertilis,
711 1858 870 1932 adsiduo
888 1857 920 1930 oi
939 1881 1014 1930 non
1033 1867 1229 1930 renovetur
1247 1866 1381 1942 aratro,

579 1973 658 2061 Nil,
676 1975 748 2048 nisi
765 1998 853 2047 cum
871 1973 991 2071 spinis
1010 1995 1177 2070 gramen,
1195 1973 1351 2048 habebit
1367 1995 1476 2069 ager:

528 2089 714 2189 Tempore
731 2090 798 2187 qui
817 2090 932 2185 longo
950 2089 1108 2175 steterit,
1128 2089 1227 2162 male
1243 2083 1380 2174 curret,
1398 2097 1437 2162 et
1453 2087 1548 2160 inter

579 2206 807 2281 carceribus
824 2206 961 2280 missos
979 2205 1133 2280 ultimus
1151 2205 1222 2279 ibit
1238 2229 1379 2303 equos:
1523 2207 1570 2276 26

531 2319 696 2397 Vertitur
713 2322 752 2396 in
770 2334 940 2398 teneram
959 2322 1110 2408 cariem,
1129 2323 1310 2420 rimisque
1327 2321 1500 2407 dehiscit,

580 2437 621 2512 Si
639 2439 799 2536 quadiu
816 2439 936 2514 solitis
954 2440 1094 2538 cymba
1110 2439 1250 2513 vacarit
1267 2438 1398 2536 aquis:

530 2553 597 2628 Me
615 2578 769 2654 quoque
787 2555 962 2655 despero,
981 2555 1114 2630 fuerim
1133 2580 1250 2653 quum
1268 2579 1403 2654 pervus
1418 2565 1458 2632 et
1473 2564 1568 2641 ante,

580 2670 652 2756 Illi,
672 2671 738 2770 qui
756 2671 913 2758 suerum,
932 2695 1046 2772 poene
1062 2670 1184 2746 redire
1202 2695 1343 2770 parem.
1525 2674 1572 2742 30

530 2785 716 2862 Contudit
733 2788 926 2885 ingenium
944 2788 1129 2887 patientia
1146 2789 1263 2884 longa⁴
1275 2788 1458 2872 laborum,

579 2901 631 2976 Et
647 2905 738 3002 pars'
753 2903 897 3001 antiqui
918 2927 1056 3000 magna
1072 2903 1208 3000 vigoris
1227 2904 1346 2977 abest.

531 3017 643 3117 Saepe
661 3027 789 3092 tamen
804 3018 926 3104 nobiS,
942 3029 985 3092 ut
1001 3041 1281 3117 huncquoque,
1297 3029 1424 3092 sumta
1436 3018 1573 3092 tabella

580 3133 703 3232 lnque
720 3158 809 3208 suos
826 3135 926 3207 volui
944 3158 1081 3232 cogere
1098 3138 1212 3210 verba
1228 3136 1367 3234 pedes:
1487 3136 1571 3230 [est

530 3247 710 3324 Carmina
721 3251 864 3350 scripta
877 3251 968 3325 mihi
983 3263 1072 3325 sunt
1086 3253 1203 3339 nulla,
1216 3263 1280 3326 aut
1293 3252 1420 3351 qualia
1433 3251 1569 3338 cernis3

581 3364 707 3460 Digna
724 3365 781 3439 sui
799 3367 942 3439 domini
960 3377 1142 3465 tempore,
1162 3369 1277 3464 digna
1293 3369 1388 3442 loco.
1525 3371 1572 3440 36

528 3675 581 3710 rum
591 3677 675 3727 parum
685 3661 819 3728 edpoeitnm
829 3678 858 3712 ec
869 3663 968 3728 proinde
977 3679 1028 3712 ιιι·
1110 3665 1151 3714 2⁷.
1170 3665 1299 3730 Teucrum]
1324 3665 1377 3714 Hoc
1393 3665 1515 3731 epitheton
1530 3681 1575 3714 non

529 3745 624 3800 pectam
642 3752 704 3794 eree,
722 3745 750 3786 nt
768 3736 882 3787 Reinrius
901 3738 1029 3788 arbitretur
1078 3738 1157 3804 placet
1178 3740 1325 3798 Burmann,
1348 3739 1390 3806 qui
1410 3753 1500 3791 terim
1519 3757 1574 3790 con-

527 3817 572 3858 eet.
606 3811 687 3860 Poene
704 3827 771 3860 mene
785 3821 830 3870 eet,
849 3811 953 3875 Augusti
970 3811 1029 3860 irem
1075 3814 1176 3878 jecerat,
1189 3815 1303 3866 Heinsius
1316 3831 1370 3866 vero
1381 3825 1406 3866 et
1416 3816 1530 3865 Francius
1544 3827 1575 3865 te-

528 3882 692 3933 terribiliorem
702 3900 847 3951 essequam
859 3885 940 3935 odium
955 3885 1030 3935 homi·
1079 3898 1147 3936 nam.
1180 3890 1299 3955 Eouidem
1318 3890 1377 3940 nihil
1395 3899 1519 3947 mutarem,
1534 3891 1574 3939 red

529 3972 587 4006 nutu
612 3957 804 4018 Atheniensium,
832 3959 896 4025 qnod
921 3960 1030 4009 Socraten
1079 3961 1210 4012 secundum
1221 3964 1320 4028 primam
1328 3964 1398 4030 hujus
1412 3964 1518 4014 vocabuli
1528 3964 1575 4029 rig-

529 4031 1030 4099 eqnoanimopertulitmtrepientiasocm·
1080 4035 1241 4086 nificetionem
1270 4039 1435 4104 interpretarer
1454 4040 1575 4105 frigitur,

528 4104 785 4157 tisrnccurnbettento
795 4109 866 4157 meio.
887 4107 1030 4164 Coditvero,
1080 4123 1135 4157 curn
1152 4109 1234 4175 primis
1250 4109 1269 4160 ri
1285 4121 1349 4162 ωηεν
1364 4128 1379 4161 e
1392 4114 1529 4180 reip-itero,
1540 4121 1574 4162 tt·

529 4197 583 4246 quo
600 4189 638 4230 eet
650 4182 721 4231 lectio
737 4183 792 4232 cod.
807 4181 941 4238 leidensis,
951 4181 1030 4230 tortior
1080 4189 1130 4230 tem
1143 4181 1285 4234 derivemus.
1319 4187 1432 4236 Hennes.

528 4255 887 4322 essevideturetrrddntptior.
916 4256 1028 4304 lituum.
1112 4255 1152 4303 23.
1168 4257 1253 4320 Cymbe
1267 4261 1356 4308 occurit
1366 4251 1456 4324 hm]
1474 4258 1499 4308 si
1508 4259 1534 4306 in
1544 4259 1576 4306 ri·

560 4333 600 4380 21.
612 4331 736 4396 Ingenium
743 4333 925 4397 lmtgomhigr'ne
932 4328 1027 4392 lenem]
1078 4343 1134 4394 pum
1145 4331 1271 4390 subducta,
1282 4332 1323 4383 diu
1333 4334 1403 4383 hesit
1413 4335 1436 4384 in
1447 4333 1530 4384 menis.

529 4404 585 4461 Vel,
608 4407 712 4467 pienum,
733 4403 917 4454 Amndelinnne.
951 4403 1028 4460 Forte,
1112 4403 1154 4452 33.
1176 4404 1207 4453 Ut
1222 4410 1489 4473 eunomiumne}
1505 4407 1573 4456 Nihi-

528 4495 612 4529 νοω.
627 4480 716 4530 Hune.
735 4479 936 4546 Longombigim.
947 4477 1029 4540 longe
1080 4477 1181 4528 lominus
1190 4480 1306 4548 inperare
1313 4483 1370 4533 mihi
1380 4501 1427 4534 non
1436 4483 1509 4551 potui,
1519 4481 1576 4549 quin

529 4553 683 4616 conponendi
696 4552 859 4603 deruetudine.
894 4551 964 4599 Mun.
1078 4549 1213 4602 scriberem.
1247 4555 1324 4605 Porr.
