3609 5967
370 873 375 879 Ι
465 777 534 842 nx
558 777 719 843 rouro
739 778 834 863 pru.
859 778 908 843 11.
932 779 1080 845 nrrsr.
1103 781 1167 845 vr,
1276 744 1350 849 421⁴

290 949 416 1050 Turpe
434 950 506 1026 erit
522 950 562 1023 in
579 950 727 1025 miseris
744 953 861 1025 veteri
879 952 949 1026 tibi
967 954 1080 1027 rebus
1099 954 1221 1029 amico

339 1065 537 1140 Auxilium
555 1068 659 1142 nulla
672 1077 779 1165 parte
798 1068 930 1143 tulisse
949 1078 1069 1143 tunm.
1289 1077 1339 1145 20

198 1173 207 1183 ’
289 1181 416 1292 Turpe
434 1184 570 1259 referre
587 1185 738 1283 pedem,
758 1209 829 1260 nec
847 1209 964 1289 passu
982 1195 1082 1259 stare
1100 1188 1247 1261 tenaci:

317 1298 466 1399 ·'l'urpe
483 1301 716 1376 laborantem
730 1302 945 1375 deseruisse
962 1312 1093 1377 ratem.

288 1412 416 1514 Turpe
434 1416 544 1515 sequi
562 1428 766 1503 assumet
782 1416 940 1491 sortnuae
959 1418 1107 1505 cedere,
1127 1418 1289 1493 amicum

281 1538 289 1548 '
341 1531 404 1620 Et,
423 1533 495 1607 nisi
514 1520 564 1607 sit
579 1532 683 1620 felix,
703 1558 789 1608 esse
806 1558 945 1631 negare
965 1558 1088 1607 suum.
1289 1538 1337 1607 24

290 1645 378 1720 Non
414 1648 466 1722 ita
491 1648 667 1723 vixerunt
702 1649 880 1748 Strophio
912 1659 1028 1746 atque
1055 1648 1340 1746 Agamemnone

341 1760 428 1836 Non
447 1764 528 1837 haec
547 1751 691 1860 AEgidae
708 1763 945 1861 Pirithoique
962 1764 1070 1838 fides.
1220 1766 1336 1861 [nati:

289 1876 395 1962 Quos
413 1878 514 1977 prior
531 1890 591 1953 est
608 1880 754 1965 mirata,
774 1902 941 1977 sequens
959 1880 1154 1954 mirabitur
1171 1891 1285 1970 aetas3

339 1993 385 2067 In
403 2018 564 2093 quorum
581 1996 736 2094 plausus
754 2004 835 2069 tota
850 1995 1000 2069 theatra
1017 2006 1165 2070 sonant.

215 2100 226 2145 ²
286 2096 345 2183 Tu
363 2135 531 2209 quoque,
550 2113 772 2211 perdurum
790 2123 938 2187 servato
955 2122 1108 2211 tempus
1126 2113 1260 2200 amicO,

339 2226 488 2323 Dignus
505 2252 547 2303 es
565 2228 604 2301 in
621 2228 735 2302 tantis
754 2251 893 2302 nomen
910 2227 1051 2303 habere
1068 2228 1169 2303 viris.
1288 2233 1338 2301 30

289 2341 437 2439 Dignus
455 2368 521 2418 es:
541 2354 582 2418 et
599 2344 779 2441 quoniam
796 2344 949 2419 laudern
967 2346 1109 2445 pietate
1127 2346 1294 2431 mereris

338 2457 375 2531 N
377 2483 426 2532 on
445 2460 516 2533 erit
531 2461 643 2534 officii
661 2462 782 2557 gratia
799 2461 916 2535 surda
932 2461 1000 2535 tui.

288 2574 414 2649 Crede
430 2575 535 2663 mihi,
555 2587 725 2650 nostrum
742 2577 865 2651 sinon
882 2577 1042 2651 mortale
1059 2576 1227 2650 futurum

337 2672 514 2778 Garmen,
532 2692 571 2766 in
589 2717 654 2766 ore
670 2692 847 2790 frequens
866 2693 1097 2794 posteritatis
1115 2693 1203 2769 eris.

287 2806 363 2881 Fac
381 2806 493 2881 modo
510 2831 733 2906 permaneas
751 2809 870 2908 lapso,
892 2809 1080 2898 Graecina,
1100 2809 1245 2897 fidelis;
1288 2812 1337 2883 35

338 2922 462 2997 Duret
478 2924 573 2998 etin
590 2925 723 3023 longas
741 2927 909 3025 impetus
928 2926 1000 3001 iste
1019 2950 1155 3000 moras.

287 3037 382 3124 Quae
400 3050 441 3113 tu
459 3064 578 3137 quum
596 3053 765 3138 praestes,
786 3039 889 3116 remo
915 3051 1042 3116 tamen
1063 3051 1147 3115 utor
1165 3041 1204 3113 in
1223 3064 1333 3115 aura:

337 3150 403 3229 Nil
420 3166 533 3229 nocet
549 3155 716 3231 admisso
733 3156 895 3233 subdere
914 3156 1039 3231 calcar
1057 3180 1170 3253 equo.

318 3372 359 3419 2³.
375 3370 452 3434 Turpe
468 3376 530 3436 requi
545 3374 641 3437 aarum]
659 3373 786 3424 Distichon
836 3373 888 3422 deri
905 3387 920 3421 a
937 3389 989 3435 mo;
1000 3374 1039 3423 vel
1056 3388 1103 3422 non
1119 3372 1204 3422 frustra
1219 3372 1338 3423 officiosus
1351 3432 1353 3439 Ι

286 3444 414 3494 ovidiana
435 3462 502 3495 vene
524 3446 558 3495 nil
581 3446 662 3498 habet.
695 3449 785 3498 Herus.
836 3447 861 3497 io
872 3463 912 3497 me
922 3447 977 3497 eris.

285 3518 325 3567 De
344 3536 408 3577 eoru,
427 3519 539 3569 distincto
560 3534 576 3569 e
597 3522 712 3580 Fortuna,
731 3522 785 3572 vide
869 3522 910 3571 ³5.
926 3521 1000 3584 lapso
1017 3520 1230 3584 Graeoimficltllr.]
1250 3519 1337 3569 Melio-

285 3592 469 3650 Quintilianum,
480 3593 590 3643 Declem.
600 3595 633 3643 iv.
644 3598 682 3645 13.
836 3610 872 3643 res
883 3596 948 3644 laeso.
963 3595 1053 3644 Herus.
1073 3594 1154 3643 Nostri
1166 3597 1239 3656 lupen:
1251 3594 1321 3643 bene.

318 3668 359 3716 25.
371 3668 425 3716 Nou
434 3671 470 3717 ito
479 3668 608 3732 riserunt]
627 3669 683 3718 Non
696 3668 732 3717 ite
747 3685 784 3719 se·
867 3670 908 3719 36.
925 3669 972 3719 lete
989 3669 1108 3733 impetus]
1127 3669 1176 3719 Iste
1193 3668 1261 3718 ordor
1279 3668 1336 3717 mihi

285 3740 335 3789 cuti
350 3740 648 3799 mutassemdeserendo
661 3758 687 3791 re
699 3742 724 3791 in
742 3742 785 3792 ed-
834 3742 939 3794 ferendi.
973 3743 1003 3792 lu
1015 3746 1093 3810 longor
1103 3760 1184 3793 moror.
1200 3743 1230 3793 In
1240 3744 1336 3807 longum

285 3813 368 3862 versia.
396 3814 456 3862 Noti
470 3815 575 3877 Strophio
585 3825 654 3880 utque
664 3820 785 3881 Agamem·
833 3827 936 3884 tempus.

285 3904 351 3935 sone.
367 3887 485 3952 Pyladem
495 3896 520 3937 et
531 3889 639 3939 Orestem
649 3889 752 3955 optimos
762 3898 787 3939 et
867 3891 909 3941 37.
921 3892 992 3941 Remo
1002 3901 1078 3941 mmm
1086 3900 1143 3939 otor
1152 3895 1179 3941 in
1189 3889 1270 3953 norm]
1288 3888 1326 3936 To.

284 3976 352 4011 ceros
364 3961 455 4011 emiom
464 3961 587 4027 designet:
606 3964 652 4013 fnit
660 3964 724 4015 enim
737 3966 786 4029 Py·
835 3978 890 4013 men
901 3973 943 4014 tno
951 3964 1040 4015 auxilio
1049 3974 1074 4014 et
1081 3962 1155 4015 favori
1166 3963 1253 4015 addam
1264 3962 1337 4012 etiem

285 4035 353 4085 ledes
362 4035 465 4103 Strophii
475 4037 608 4088 Phocensis
618 4038 689 4086 lilius.
836 4054 919 4105 preces
928 4047 954 4088 et
962 4038 1136 4088 exhortationes
1145 4054 1218 4089 moes.

316 4112 357 4159 26.
369 4111 480 4176 AEgmae]
498 4111 591 4167 thesei,
606 4111 649 4176 qni
665 4110 729 4161 filius
743 4110 788 4161 fnit
869 4115 912 4163 33.
924 4112 1130 4177 Attente-equo]
1138 4113 1263 4177 Argentor.
1271 4118 1298 4159 ut
1306 4108 1336 4158 de

286 4184 366 4247 AEgei,
377 4193 402 4233 et
414 4184 513 4233 Pirithoi
524 4183 691 4234 amicissimus.
834 4185 903 4249 equis
923 4186 1058 4236 desultoriis
1078 4197 1142 4251 egat,
1159 4185 1224 4250 quod
1243 4184 1337 4249 copiose

317 4258 627 4322 murmurmurmur]
646 4258 785 4324 inquorum
834 4258 939 4308 illustret
956 4260 1078 4310 Heinsius.
1111 4260 1160 4309 Sed
1178 4260 1239 4307 bene
1254 4256 1337 4305 delen·

285 4329 393 4380 laetitiam
404 4340 429 4380 et
442 4332 541 4381 favores.
576 4332 632 4381 Tota
649 4332 740 4380 theatro
752 4349 786 4381 ro·
835 4330 872 4379 dit
887 4334 970 4382 Burm.
986 4340 1013 4382 ut
1025 4333 1098 4391 enim,
1112 4333 1154 4389 ait,
1166 4338 1240 4380 'vento
1253 4329 1336 4379 serenti

286 4413 352 4453 aaut.
367 4404 428 4453 Toto
438 4406 532 4455 theatra
541 4414 660 4462 resonent,
671 4422 745 4469 qnnm
756 4404 786 4453 de
836 4404 947 4454 addimus
958 4421 1057 4463 minum,
1068 4406 1102 4455 sic
1113 4405 1148 4454 nil
1159 4412 1230 4453 nocet
1241 4418 1336 4453 curreu-

285 4475 613 4544 illistragoediecompositae
622 4478 760 4543 recitantur.
836 4486 885 4527 tem
904 4488 929 4527 et
947 4478 1075 4529 admissum
1096 4476 1337 4544 equum'calcaribus

275 4554 281 4569 “
318 4551 359 4599 32.
371 4546 584 4616 Noueritru'rdo.]
597 4552 784 4617 Inteltigetgn·
835 4550 966 4601 stimulare.
1007 4552 1059 4601 Neo
1081 4551 1212 4601 desultores
1232 4550 1337 4599 calcaria

285 4624 410 4675 titudinem
421 4641 507 4684 meam,
517 4636 559 4675 eut
566 4626 685 4690 intelliget
695 4642 721 4675 se
731 4625 784 4674 len·
835 4624 971 4746 addebarp;
988 4625 1031 4747 epil
1045 4624 1115 4675 nudis
1124 4624 1192 4689 equis
1202 4623 1337 4675 insistentes

948 4730 956 4745 ι
968 4717 982 4747 Ε
