3609 5967
486 750 553 821 178

791 752 839 821 PL·
849 752 1020 836 Ι01111111
1035 753 1258 825 ,NASONIS

491 928 687 1005 Fleximus
704 929 743 1004 in
760 928 897 1005 laevum
914 952 1062 1021 cursus,
1079 941 1133 1018 et,
1153 932 1202 1007 ab
1220 930 1399 1009 Hectoris
1416 932 1525 1020 urbe,

540 1046 724 1121 Venimus
741 1047 790 1121 ad
807 1056 951 1146 portus,
971 1044 1113 1122 Imbria
1128 1058 1240 1136 terra,
1258 1060 1358 1125 tuos.

491 1161 600 1250 Inde,
619 1162 692 1238 levi
708 1173 821 1238 vento
839 1162 1047 1261 Zerynthia
1062 1163 1173 1239 litora
1188 1167 1323 1253 nactis,

540 1277 752 1354 Threiciam
768 1279 894 1376 tetigit
910 1277 1012 1351 fessa
1028 1280 1155 1354 carina
1173 1280 1328 1357 Samon.

1490 1284 1541 1353 20

491 1393 620 1469 Saltus
637 1395 687 1469 ab
703 1396 776 1470 hac
792 1404 894 1471 terra
910 1394 1034 1469 brevis
1051 1407 1112 1470 est
1128 1395 1321 1497 Tempyra
1336 1396 1505 1498 petenti:

540 1508 626 1585 Huc
642 1511 837 1586 dominum
852 1520 965 1587 tenus
982 1518 1044 1583 est
1060 1510 1126 1587 illa
1141 1522 1275 1590 secuta
1290 1537 1415 1588 suum.
1434 1576 1438 1582 .

488 1692 533 1752 dit,
549 1694 670 1759 Propontis
685 1696 787 1759 dicitur3
803 1696 845 1747 nbi
860 1695 947 1746 iterum
965 1710 991 1745 se

488 1769 582 1834 pressit,
588 1770 700 1821 Thracios
708 1771 835 1835 Bosporm,
851 1772 894 1822 ubi
903 1772 991 1821 iterum

488 1858 514 1891 sa
526 1842 637 1902 effundit,
648 1845 738 1895 Pontos
749 1846 868 1904 mam,-
885 1860 935 1910 qna
945 1860 989 1911 ps·

489 1916 540 1967 lodi
551 1918 713 1979 committitur,
725 1922 861 1970 Cimmerios
869 1920 990 1983 Romam.

523 1992 564 2041 17.
583 1992 931 2058 Flssissass'ssiaeoasscorsoa]
950 1996 987 2045 Es

487 2067 653 2135 Hellesponto,
666 2072 692 2120 iu
706 2069 855 2137 Proponditis
867 2070 988 2121 misnen

487 2152 578 2207 partem
602 2144 782 2210 navigationem*
799 2145 918 2195 ilemmns.
952 2148 989 2195 Ab

489 2216 596 2266 Hectoris
610 2222 677 2269 arbe.
709 2219 740 2269 Id
752 2227 797 2277 est,
813 2218 868 2277 llio,
885 2234 940 2285 qun
957 2236 987 2271 ex

488 2290 574 2355 AEgao
581 2291 766 2358 Hellespontum
772 2292 927 2359 ingredientis
937 2302 989 2344 erat

487 2364 610 2424 adertrs,
630 2374 657 2416 ut
677 2366 709 2415 sit
727 2382 822 2417 serum:
845 2382 921 2433 quum
938 2366 988 2434 pri·

486 2452 561 2495 muru,
576 2439 602 2488 in
613 2440 700 2505 AEgeo
714 2440 795 2490 adhuc
804 2440 930 2506 navigans,
944 2440 988 2491 ha-

486 2512 528 2561 bui
539 2512 611 2563 llinm
622 2531 637 2565 a
647 2516 733 2573 fronte,
743 2515 799 2565 dexi
809 2515 855 2564 iter
864 2515 890 2564 in
899 2514 987 2565 levam

486 2596 588 2653 partem,
598 2590 640 2640 ubi
655 2597 724 2639 erant
738 2589 794 2639 loca
807 2588 860 2647 illa,
870 2606 924 2655 quar
939 2598 989 2640 sta·

486 2660 529 2710 tim
539 2664 671 2729 subjungit.
703 2664 825 2714 Ceterum
836 2662 898 2713 illud
909 2663 987 2713 ausim

486 2736 620 2795 adinrare,
631 2747 673 2788 aut
683 2737 789 2789 carmina
803 2737 884 2804 aliqua
895 2738 987 2797 deuse,

486 2819 529 2861 ant
547 2813 609 2863 banc
627 2812 786 2879 navigationis
802 2812 988 2880 descriptionem

485 2884 571 2936 salsam
581 2904 642 2939 esse·
675 2888 749 2938 Man.

523 2960 653 3027 flam]
679 2960 758 3012 Valde
781 2960 927 3011 dissentiunt
949 2961 986 3011 in·

485 3042 610 3102 terpretas.
653 3037 817 3103 Verpoorten,·
833 3051 906 3101 qoem
930 3036 985 3087 vide

484 3108 510 3159 iu
521 3111 614 3177 praefat.
625 3110 741 3175 intelligit
748 3110 985 3174 Opimnisnffroa·

483 3183 521 3234 dis
530 3184 645 3251 oppidum
652 3185 715 3235 inter
722 3184 870 3234 Dardaniam
878 3193 904 3234 et
910 3184 984 3235 Rhar-

483 3258 553 3316 thrm,
578 3261 649 3309 urbes
674 3258 813 3317 maritimas,
836 3258 918 3317 situm,
942 3259 984 3310 ubi

482 3332 595 3382 Hectoris
602 3333 741 3383 luenserat.
764 3333 874 3383 Atenim
884 3349 914 3384 eo
924 3350 982 3384 non·

483 3404 542 3453 dum
563 3414 660 3455 venerat
677 3407 788 3465 Ovidius,
806 3416 832 3457 et
853 3424 911 3457 num
928 3408 985 3459 urbs

441 3529 449 3547 Ι
483 3478 594 3528 Hectoris
609 3478 658 3527 dici
670 3479 906 3538 soleat,subdubito.
938 3484 984 3532 Ac-

483 3555 549 3611 tcris,
565 3552 614 3619 (ita
631 3552 696 3603 euim
711 3569 808 3619 quoque
823 3554 928 3621 legitur)
944 3572 984 3606 ur·

481 3628 537 3678 bem
555 3628 641 3694 querit
656 3628 774 3693 Micyllus
793 3628 819 3677 in
836 3630 928 3679 lemno
946 3630 981 3681 in·

481 3703 543 3760 sula,
564 3704 633 3769 cnjus
652 3719 734 3768 regem
758 3702 889 3768 aliqnando
911 3704 983 3755 inisse

482 3776 603 3834 lictorem,
626 3778 719 3843 Hygin.
745 3777 794 3827 iah.
820 3779 875 3828 102.
899 3778 982 3839 tradit,

481 3852 581 3916 ejusque
597 3851 714 3918 expositio
727 3851 904 3903 verosimillima
914 3852 981 3903 vide·

481 3932 521 3973 tnr
533 3926 678 3975 Burmanno.
710 3926 800 3975 Sensus
815 3926 892 3977 soret:
913 3928 981 3977 Post·

481 3999 591 4064 quemad
598 3999 782 4067 Hellespontum
789 4000 981 4053 venimusinlre·

481 4091 537 4124 vam
551 4074 660 4125 fleximus
674 4091 779 4133 comum,
793 4083 818 4124 et
833 4076 865 4125 ab
878 4077 981 4137 Actoris,

482 4150 540 4199 rrrbe
561 4148 587 4197 in
606 4147 685 4199 insula
706 4150 805 4207 lemno,
825 4150 850 4199 in
873 4151 981 4202 Imbrum

484 4224 571 4291 [qoam
584 4222 658 4272 Ovid.
675 4223 788 4273 Imbriam
801 4222 862 4273 dicit
878 4227 978 4292 terram]

480 4298 587 4363 proxime
600 4296 775 4362 navigavimus,
790 4295 847 4347 iude
864 4297 889 4347 in
898 4300 982 4351 Samo-

480 4372 604 4421 thraciam.
615 4372 731 4435 mliurm.
766 4372 882 4423 Hranas.

516 4449 553 4497 18.
565 4446 652 4495 Imbria
662 4447 748 4511 terra]
758 4448 857 4497 Terram
866 4448 981 4499 Imbriam

480 4536 534 4569 eam
544 4520 611 4579 dicit,
621 4537 694 4587 quam
708 4521 857 4571 Selimbrism
876 4521 980 4582 Plinius,

480 4592 631 4653 Ptolemae,
641 4595 770 4661 ceterique
782 4595 920 4662 appellant:
938 4596 981 4647 illa

1041 1695 1114 1758 enim,
1125 1708 1149 1750 et
1160 1699 1287 1750 Perinthus
1303 1699 1328 1749 in
1343 1694 1496 1764 Propontidis
1509 1695 1540 1745 li·

1039 1780 1091 1823 tore
1105 1775 1187 1835 luere3
1203 1774 1250 1823 nisi
1267 1772 1337 1823 melis
1352 1770 1495 1835 intelligere,
1507 1768 1538 1818 il-
1643 1802 1649 1813 .

1039 1848 1090 1897 lum
1100 1864 1148 1897 non
1160 1848 1293 1914 ingressum
1307 1846 1380 1897 inisse
1394 1844 1537 1910 Hellupon·

1039 1930 1099 1979 tum,
1110 1922 1152 1972 sed
1169 1923 1282 1988 AEgsannr
1293 1920 1317 1971 ei
1334 1920 1439 1970 vicinum
1455 1918 1538 1984 appel·

1037 1995 1100 2047 lasse
1111 1996 1303 2062 Hellespontum,
1312 2004 1340 2045 nt
1350 1993 1463 2043 uinum

1082 2072 1122 2120 19.
1152 2069 1301 2135 Zerynthia]
1332 2070 1361 2119 Id
1388 2076 1434 2126 est,
1461 2066 1537 2133 ipsius

1035 2142 1160 2193 Thracius
1177 2158 1233 2193 nam
1244 2144 1269 2193 in
1278 2142 1383 2192 Thracia
1391 2141 1537 2206 Zerynthium

1036 2219 1118 2276 inisse,
1130 2216 1213 2269 scribit
1222 2216 1371 2284 Lycophron,
1381 2230 1474 2265 sacram
1486 2214 1538 2264 He·

1036 2300 1112 2353 catam
1122 2292 1167 2342 luit
1175 2300 1201 2341 at
1207 2290 1339 2358 Zerynthos
1349 2290 1375 2338 in
1383 2286 1537 2338 Samothrace

1036 2367 1123 2425 insula,
1139 2367 1204 2417 unde
1221 2367 1320 2417 sortasse
1337 2363 1427 2430 regioni
1447 2376 1536 2412 numen

1036 2441 1105 2492 dedit
1114 2442 1187 2492 Ovid.
1205 2478 1209 2483 .

1068 2517 1110 2566 20.
1129 2515 1257 2565 Threiciam
1274 2512 1380 2577 Samon]
1399 2509 1535 2559 Samothra·

1036 2590 1099 2640 cism
1120 2588 1222 2639 insolam
1242 2588 1268 2637 iu
1288 2587 1349 2637 mari
1368 2586 1453 2651 AEgmo
1470 2584 1536 2635 eirea

1035 2662 1171 2713 Thraciam.

1068 2740 1111 2787 21.
1131 2736 1263 2801 Tempyra]
1281 2734 1372 2792 Is'rius,
1382 2733 1425 2783 lib.
1436 2730 1535 2782 xxxviia.

1035 2824 1059 2861 c.
1079 2812 1125 2859 ⁴1:
1149 2810 1210 2862 lade
1226 2813 1349 2861 AEnicrasr
1361 2811 1433 2873 fines,
1451 2818 1535 2871 preter

1036 2884 1158 2947 Apollinis,
1169 2886 1322 2950 znynshr'oss
1331 2900 1396 2947 pies
1405 2890 1486 2933 vocem
1497 2884 1534 2930 ia·

1022 2961 1346 3024 ,colensmplnrnsupsrarst
1379 2959 1438 3007 Atre
1448 2972 1534 3022 ungus-

1036 3035 1073 3083 tiae
1087 3036 1151 3082 circo
1163 3034 1276 3097 Tempyra
1285 3034 1409 3095 eseipissrst,
1420 3030 1474 3096 (lios
1488 3032 1535 3078 loco

1033 3124 1114 3157 nomm
1139 3106 1193 3171 est.)
1215 3124 1262 3156 non
1285 3108 1362 3155 minos
1385 3106 1533 3171 confengon.

1033 3182 1124 3233 limus.
1157 3182 1237 3232 Saltus
1251 3183 1332 3231 treoin
1346 3179 1471 3246 Trsjectns
1485 3194 1533 3228 non

1032 3254 1125 3323 longus.
1159 3254 1231 3307 Mra.

1067 3331 1198 3396 Tempyra]
1219 3328 1353 3381 Diversitas
1370 3337 1407 3379 est
1425 3327 1533 3379 lectionis
1571 3340 1581 3353 ‘

1032 3416 1058 3455 et
1072 3406 1270 3473 conjecturarum,
1281 3422 1342 3473 quas
1356 3406 1382 3455 in
1396 3403 1455 3455 edit.
1471 3406 1533 3453 Bur·

1032 3481 1114 3529 manni
1129 3488 1207 3547 potest
1221 3482 1309 3545 legere,
1323 3480 1363 3529 cui
1379 3480 1466 3545 volupe
1479 3478 1534 3528 erit.

1032 3553 1124 3605 Aldina
1150 3554 1210 3605 edit.
1235 3554 1309 3603 habet
1331 3554 1441 3617 Tentyra.
1485 3552 1533 3601 Sed

1032 3644 1089 3679 vera
1104 3639 1149 3687 est,
1159 3638 1187 3679 ut
1202 3628 1317 3679 Heinsius
1327 3644 1341 3678 e
1352 3628 1421 3677 Livio
1433 3625 1533 3677 xxxviii.

1033 3705 1076 3753 tr.
1087 3704 1199 3762 ostendit,
1209 3705 1283 3755 lectio
1294 3705 1414 3769 Tempyra,
1425 3702 1451 3751 in
1458 3702 1534 3752 Thra·

1032 3778 1071 3827 cia
1094 3780 1138 3829 sub
1156 3778 1274 3845 Rhodope
1295 3780 1358 3829 inter
1379 3779 1482 3827 Nestum
1508 3784 1533 3827 et

1032 3852 1151 3903 Hebrum.
1185 3855 1306 3907 Harum,

1064 3930 1106 3977 22.
1117 3928 1263 3993 Dominum]
1277 3928 1360 3995 Ipsum
1371 3926 1486 3977 Ovidium
1495 3927 1533 3976 in·

1032 4002 1119 4067 telligit
1135 4002 1295 4061 Burmannus,
1315 4002 1366 4051 sire
1385 4001 1469 4051 emerit
1489 4017 1532 4050 ns-

1031 4091 1094 4133 rem,
1105 4075 1156 4126 sive
1165 4076 1290 4144 improprie
1302 4093 1328 4127 se
1338 4076 1374 4125 ita
1383 4083 1462 4133 vocet,
1473 4074 1532 4140 quia
1559 4094 1563 4105 ·

1031 4158 1106 4202 totam
1125 4168 1168 4201 suo
1184 4151 1309 4202 comitatui
1327 4160 1352 4201 et
1368 4149 1531 4201 instrumentis

1031 4224 1212 4277 transvehendis
1243 4225 1401 4275 conduxerat.
1448 4223 1530 4288 Atque

1030 4302 1113 4351 Burm.
1130 4301 1255 4350 sententie
1266 4298 1394 4351 subscribit
1404 4297 1532 4354 Massonii,

1030 4376 1072 4441 qui
1091 4374 1185 4431 statuit,
1203 4374 1259 4424 nari
1275 4374 1352 4441 prima
1369 4388 1385 4422 a
1401 4370 1531 4421 Cenchreis

1031 4447 1146 4499 Ovidium
1171 4446 1198 4498 in
1218 4446 1406 4498 Samothraciam
1427 4443 1530 4500 venisse,

1030 4522 1087 4573 indo
1108 4537 1171 4571 nova
1190 4522 1246 4572 navi
1267 4520 1388 4588 trajecisse
1410 4519 1435 4569 in
1455 4518 1530 4568 Thra·

1030 4596 1100 4648 ciam
1133 4596 1248 4646 Hranss.
