3609 5967
479 767 547 832 884
774 763 1003 830 P.·0V1D11
1029 763 1241 830 NASONIS

482 939 645 1038 Quaque
659 962 730 1036 ego
748 938 914 1038 permisi,
931 963 1085 1037 qunque
1100 933 1233 1013 est'res
1257 962 1383 1037 passa,
1395 964 1530 1040 peper-

535 1055 637 1129 Usus
655 1065 694 1128 et
711 1067 771 1129 ost
787 1055 936 1154 modice
953 1054 1121 1127 fulminis
1138 1054 1225 1151 igne
1243 1055 1324 1130 sui:
1436 1058 1507 1152 [cit
1517 1085 1528 1146 ;

481 1171 517 1244 N
520 1195 566 1245 ec
581 1169 709 1257 vitam,
724 1194 794 1244 uec
813 1195 919 1269 opes,
940 1196 1011 1246 nec
1030 1172 1171 1245 ademit
1189 1196 1301 1271 posse
1320 1174 1466 1260 reverti,

531 1286 574 1359 Si
593 1311 661 1360 sua
678 1310 746 1384 per
762 1297 908 1361 vestras
925 1287 1026 1363 vieta
1043 1288 1092 1362 sit
1111 1288 1164 1363 ira
1182 1312 1328 1387 preces.

479 1400 532 1474 At
548 1402 711 1498 graviter
727 1402 870 1477 cecidi:
891 1402 985 1500 quid
1003 1404 1103 1476 enim
1121 1403 1307 1488 mirabile,
1326 1402 1358 1476 si
1377 1404 1462 1500 quis

527 1516 563 1589 A
581 1515 677 1591 Jove
695 1539 897 1615 percussus
916 1541 990 1590 non
1009 1518 1091 1592 leve
1108 1519 1243 1600 vulnus
1262 1519 1402 1593 habet?
1480 1523 1530 1592 60

480 1631 570 1731 lpse
588 1657 677 1706 suus
694 1631 738 1706 ut
749 1635 830 1730 jam
848 1633 946 1707 vires
964 1634 1152 1708 inhiberet
1169 1633 1351 1721 Achilles,

529 1746 653 1822 Missa
669 1773 801 1845 graves
820 1748 921 1823 ictus
940 1749 1068 1823 Pelias
1086 1750 1197 1823 hosta
1213 1749 1312 1822 tulit.

478 1862 502 1936 J
505 1863 671 1938 udicium
689 1863 799 1938 uobis
817 1864 931 1960 igitur
948 1888 1067 1961 quum
1082 1864 1241 1939 vindicis
1260 1864 1370 1949 adsit,

529 1979 617 2054 Non
634 1991 695 2054 est
711 2005 779 2055 cur
796 1991 864 2055 tun
880 2006 943 2055 me
955 1982 1075 2079 janua
1091 2004 1203 2055 nosse
1221 1990 1346 2076 neget.

480 2094 597 2169 Cultu
612 2096 784 2193 quidem,
803 2096 937 2182 fateor,
955 2095 1051 2170 citra
1066 2119 1182 2194 quam
1199 2094 1344 2182 debuit,
1363 2094 1450 2169 illa:
1479 2099 1528 2168 66

531 2210 608 2285 Sed
626 2211 696 2285 fuit
714 2212 752 2284 in
769 2212 855 2287 satis
873 2213 946 2285 hoc
965 2235 1131 2311 quoque,
1150 2213 1276 2298 credo,
1296 2211 1403 2285 meis,

479 2324 562 2400 Nec
580 2338 708 2403 tamen
725 2328 888 2403 officium
907 2329 1027 2403 sensit
1044 2329 1164 2425 magis
1182 2329 1300 2403 altera
1317 2337 1507 2401 nostrum:

529 2442 617 2530 Hic,
637 2445 726 2531 illic,
743 2456 869 2521 vestro
887 2447 960 2520 sub
980 2444 1075 2520 Lare
1093 2467 1243 2544 semper
1260 2467 1375 2516 eram.

479 2554 650 2657 Quaeque
669 2571 811 2638 tuaest
828 2561 971 2661 pietas3
992 2572 1036 2636 ut
1052 2572 1091 2636 te
1109 2550 1184 2635 non
1198 2560 1349 2635 excolat
1362 2559 1500 2658 ipsum,

526 2672 551 2745 J
553 2699 598 2748 us
615 2676 768 2774 aliquod
786 2689 913 2753 tecum
930 2679 1054 2753 fratris
1073 2679 1218 2752 amicus
1236 2678 1364 2751 habet.
1476 2678 1526 2748 60

478 2786 593 2877 Quid,
602 2792 717 2888 quod,
727 2803 769 2866 ut
779 2794 947 2868 emeritis
957 2793 1155 2870 reserenda
1164 2803 1224 2868 est
1233 2792 1354 2890 gratia
1363 2812 1525 2889 semper,
1592 2847 1598 2870 ,

528 2904 592 2980 Sic
611 2917 671 2981 est
688 2906 846 2983 fortunae
864 2910 1115 3008 promeruisse
1133 2909 1234 2983 tuael

508 3061 549 3110 ⁴5·
561 3061 656 3125 Quaque
670 3080 711 3128 ego
725 3067 826 3126 pernisi,
843 3065 905 3130 dcc]
925 3066 978 3115 Hoc
1028 3064 1084 3114 Sive
1101 3074 1134 3122 te,
1151 3064 1202 3113 sire
1220 3064 1317 3112 intrem
1335 3061 1445 3117 colorem,
1461 3074 1526 3109 erun

475 3142 521 3191 ut,
531 3135 639 3201 pepercit
648 3136 708 3185 milri
721 3146 828 3196 eotenus,
839 3138 890 3188 uiue
900 3156 977 3205 quau·
1028 3148 1109 3188 tumen
1119 3138 1164 3186 sub
1175 3146 1253 3186 rostro
1263 3136 1332 3185 tm.

475 3216 526 3256 tum
543 3225 617 3274 quum
631 3211 682 3277 ipse
702 3213 785 3262 merito
798 3221 871 3278 utque
889 3213 978 3263 delicto
1060 3214 1101 3261 69.
1112 3212 1210 3275 Quaque
1224 3220 1266 3258 tuo
1279 3219 1311 3259 ut
1324 3208 1418 3272 pietus]
1436 3208 1467 3257 m
1483 3222 1524 3256 eu·

475 3296 529 3330 meo
543 3283 642 3348 permisi
655 3284 733 3342 illurn,
744 3292 795 3334 tum
810 3286 883 3336 etium
897 3301 976 3336 cam
1024 3285 1129 3352 jusmodi
1147 3295 1202 3334 tuus
1216 3293 1253 3334 ost
1269 3299 1334 3333 amor
1351 3298 1408 3348 erg:
1423 3282 1526 3330 dunen.

475 3355 579 3419 quulitu
589 3373 660 3424 putu
670 3369 714 3409 ut.
740 3361 837 3410 M1crn.
1028 3358 1140 3408 Ostendit
1158 3366 1248 3414 tutem,
1263 3356 1403 3406 Menullino
1423 3371 1449 3404 ue
1466 3355 1525 3403 nmi-

506 3430 549 3478 60.
561 3431 597 3478 At
607 3431 683 3495 June]
701 3433 741 3481 Ab
752 3434 872 3498 Augusto.
1027 3448 1083 3481 cunr
1103 3447 1155 3482 estc
1172 3432 1260 3481 dobere
1276 3446 1349 3480 ctus:
1365 3428 1451 3485 fratris,
1466 3444 1525 3493 quo·

507 3504 548 3552 62.
565 3504 664 3569 Pelian]
685 3507 762 3557 Hasta
780 3507 885 3558 Achillis
902 3509 975 3560 smi-
1025 3521 1080 3555 cum
1101 3520 1214 3570 magnam
1235 3503 1281 3554 uli
1302 3503 1376 3554 fuine
1395 3501 1525 3552 minum

474 3591 528 3626 m
1025 3578 1103 3628 docet.
1320 3585 1324 3593 “

506 3652 549 3700 63.
566 3653 687 3702 Iudicium
709 3655 828 3720 undula]
851 3655 975 3706 Jndicinm
1058 3653 1099 3703 61.
1116 3652 1246 3716 Emm]
1263 3649 1356 3700 Amicis
1368 3651 1420 3716 jum
1437 3649 1527 3699 functis

474 3723 557 3774 ultoris
572 3727 677 3793 Augusti
693 3727 809 3794 intellige,
826 3729 890 3795 quod
910 3729 975 3781 ultus
1024 3727 1102 3776 officio
1118 3741 1176 3790 erga
1192 3725 1304 3781 amicum
1318 3731 1343 3773 et
1360 3731 1442 3790 postu
1458 3723 1526 3788 quio·

473 3796 519 3845 init
536 3799 626 3851 crimen
639 3817 719 3851 meum
734 3801 871 3859 admissum
882 3817 921 3851 me
937 3818 974 3851 re·
1023 3800 1160 3860 ruentium
1181 3801 1220 3849 rel
1236 3799 1309 3848 valde
1333 3798 1430 3846 meritis.
1457 3798 1527 3862 virg.

474 3869 585 3935 legando.
1017 3875 1206 3938 ·Georg.ii.65:

505 3945 547 3993 66.
559 3946 610 3994 Hoc
621 3948 727 4011 purpura]
740 3949 792 3997 Hoc
801 3948 883 4006 udum,
894 3958 922 3999 ut
932 3949 974 3999 do·
1091 3948 1176 3997 Edon
1186 3949 1261 4011 coryli
1271 3956 1418 4003 nummum

477 4032 539 4065 num
555 4026 621 4067 tuum
634 4020 713 4070 miuus
725 4022 837 4080 colorem,
847 4039 922 4088 quum
932 4023 975 4072 de·
1025 4030 1052 4071 ut
1068 4022 1099 4071 rit
1112 4037 1210 4072 remur:
1229 4020 1293 4086 quod
1306 4020 1327 4068 si
1342 4018 1373 4069 de
1385 4017 1453 4067 uobis
1462 4018 1525 4066 bene

472 4090 567 4140 berem
584 4094 786 4158 quemadmodum
801 4095 873 4146 etium
889 4097 935 4146 luit
949 4097 974 4147 iu
1024 4096 1115 4145 meritis
1129 4096 1245 4146 debemur
1260 4109 1354 4159 semper
1371 4093 1471 4158 μύω
1488 4107 1527 4141 re·

472 4164 604 4224 mittit,
615 4173 642 4216 ul
656 4167 780 4234 relegunt.
1024 4170 1100 4230 serre5
1117 4169 1277 4219 udlortuuun
1288 4177 1354 4217 tuum
1367 4167 1463 4216 runem
1472 4181 1526 4230 per·

504 4240 546 4289 67.
565 4238 613 4290 Nec
633 4250 709 4291 tomen
729 4241 850 4308 ‹fiir-inm]
876 4243 928 4307 Ego
943 4258 974 4293 or
1024 4242 1085 4291 tinet
1102 4258 1176 4291 novos
1196 4244 1287 4291 amieo·
1308 4256 1400 4307 parare,
1416 4238 1526 4289 etiamsi

472 4313 611 4380 scriptorum
622 4315 729 4381 vestigiis
740 4318 808 4382 lego:
1022 4316 1082 4366 uilril
1096 4316 1127 4367 de
1145 4325 1168 4366 te
1184 4316 1263 4366 meriti
1279 4324 1343 4372 suut,
1353 4315 1424 4380 quasi
1439 4314 1527 4363 innunt

505 4386 555 4436 Noc
566 4397 642 4437 moun
655 4388 755 4453 ‹rfficr'm
768 4391 836 4439 murt
851 4392 924 4453 mgis
936 4392 972 4438 at·
1022 4390 1109 4442 debere
1124 4389 1291 4440 Metellinum
1306 4399 1401 4456 poetam
1417 4388 1464 4438 ribi
1480 4404 1524 4437 no·

569 4473 746 4512 teranoetrun:
1021 4481 1078 4514 vum
1100 4466 1204 4516 amicum
1222 4464 1360 4521 concilim,
1378 4476 1404 4513 et
1424 4462 1471 4529 ipsi
1489 4463 1526 4511 fu·

537 4534 874 4594 Ho,tt1n,oorromt1m
886 4553 972 4601 temper
1022 4554 1084 4588 rere.

568 4623 638 4657 non.
1053 4613 1094 4663 62.
1105 4613 1185 4663 δίεισι
1195 4610 1374 4677 tusorum]
1391 4611 1432 4660 Sic
1446 4609 1478 4660 td
1492 4618 1526 4666 te,
