3609 5967
433 792 502 857 EX
527 791 689 858 ΡΟΝΤΟ
715 791 805 857 LlB.
830 790 901 857 111.
925 792 1071 859 EPIST.
1094 793 1145 859 11.
1246 796 1326 877 tot,

260 964 468 1041 Praefuerat
486 965 786 1064 templomultos
805 988 850 1039 ea
866 965 937 1039 rite
954 990 1021 1065 per
1038 988 1168 1055 annus,
1258 972 1313 1055 65,

285 1088 287 1096 '
310 1082 433 1157 Invita
449 1104 635 1181 peragens
650 1082 772 1155 tristia
788 1104 895 1155 sacra
914 1105 1049 1170 manu;

259 1196 386 1283 Quum
404 1200 480 1272 duo
498 1196 653 1272 velifera
665 1199 825 1296 juvenes
843 1221 980 1272 venere
997 1199 1137 1285 carina,

308 1314 611 1412 Presseruntque
629 1338 698 1387 suo
715 1313 830 1387 litora.
842 1324 971 1411 nostra
988 1315 1098 1413 pede.

258 1429 334 1505 Par
351 1430 422 1504 fuit
438 1430 497 1505 his
516 1441 622 1516 aetas,
642 1439 681 1504 et
698 1452 823 1505 arnor:
844 1453 1006 1527 quorum
1024 1432 1119 1506 alter
1134 1430 1306 1518 Orestes,

196 1584 197 1593 ,
307 1545 415 1621 Alter
431 1556 512 1621 erat
526 1545 715 1645 Pylades:
745 1545 897 1620 nomina
915 1544 1015 1621 fama
1031 1557 1147 1621 tenet.
1256 1554 1305 1622 70

257 1660 436 1736 Protinus
455 1661 639 1736 immitem
655 1660 789 1735 Triviae
806 1662 997 1738 ducuntur
1014 1663 1062 1737 ad
1081 1687 1196 1752 mam,

308 1779 457 1853 Evincti
475 1779 645 1876 geminas
663 1778 799 1853 ad-sua
816 1788 924 1873 terga
941 1802 1087 1853 manus.

257 1894 412 1994 Spargit
429 1921 530 1995 aqua
546 1906 677 1993 captos
696 1894 843 1969 lustrali
863 1895 980 1970 Graia
993 1896 1181 1983 sacerdos,

307 2012 462 2086 Ambiat
479 2022 521 2087 ut
537 2011 658 2086 fulvas
676 2008 796 2084 infula
812 2011 927 2107 longa
943 2034 1085 2086 comas.

257 2128 436 2226 Dumque
447 2138 559 2226 parat
566 2152 728 2216 sacrum,
737 2128 828 2201 dum
839 2128 940 2203 velat
948 2110 1121 2228 ternpore
1130 2128 1246 2217 vittis,
1256 2134 1308 2218 75,

306 2243 407 2319 Dum
426 2246 542 2319 tardae
560 2269 696 2319 causas
714 2245 857 2319 invenit
873 2268 996 2342 usque
1013 2270 1149 2321 morae:

256 2359 344 2433 Non
361 2361 626 2458 eguerudelis,
642 2363 801 2459 juvenes
820 2362 1017 2459 ignoscite,
1036 2363 1156 2451 dixit3

260 2520 263 2526 ·
305 2478 424 2551 Sacra
441 2503 508 2552 suo
526 2478 624 2552 facio
641 2478 859 2553 barbariora
874 2480 971 2552 loco.

256 2591 368 2667 Ritus
385 2594 418 2666 is
436 2605 496 2668 est
513 2593 659 2691 gentis:
686 2618 763 2691 qua
779 2618 845 2669 vos
864 2604 992 2669 tamen
1010 2595 1104 2669 urbe
1115 2595 1278 2669 venitis?

290 2706 436 2793 'Quove
453 2734 585 2809 parum
602 2710 727 2785 fausta
743 2735 872 2810 puppe
890 2710 1040 2809 petistis
1058 2712 1155 2785 iterl
1255 2716 1304 2785 80

255 2826 385 2901 Dixit:
404 2838 455 2915 et,
475 2828 603 2915 audito
621 2827 753 2927 patriae
770 2828 836 2927 pia
852 2828 1005 2902 nomine
1022 2828 1138 2924 virgo,

304 2943 509 3019 Consortes
527 2943 630 3018 urbis
648 2943 834 3041 comperit
850 2967 937 3018 esse
954 2967 1044 3017 suae.

252 3058 361 3133 Alter
378 3070 418 3133 at
434 3084 456 3134 e
473 3060 592 3147 vobis,
612 3059 746 3156 inquit,
765 3058 878 3133 cadat
895 3058 1021 3133 hostia
1037 3059 1148 3145 sacri,

302 3176 363 3248 Ad
382 3177 522 3275 patrias
540 3177 651 3251 sedes
668 3175 823 3249 nuntius
840 3176 938 3250 alter
954 3186 1029 3249 eat.

243 3290 314 3365 'Ire
327 3292 438 3390 jubet
451 3292 617 3390 Pylades
635 3316 764 3373 carum
781 3292 971 3390 periturus
990 3288 1176 3365 Oresten?
1253 3297 1301 3367 85

303 3406 377 3482 Hic
395 3419 529 3506 negat3
548 3410 665 3507 inque
682 3409 803 3483 ricem
818 3419 963 3508 pugnat
981 3417 1144 3505 uterque
1161 3409 1269 3481 mori.

279 3622 319 3670 65.
326 3620 465 3686 Prefiternt,
472 3623 530 3687 δια]
539 3622 752 3688 Prapositaluerat
801 3621 876 3672 lasela
885 3621 912 3669 in
923 3619 1021 3669 niodum
1031 3618 1184 3677 diadematis,
1194 3627 1219 3669 et
1229 3636 1244 3669 a
1255 3636 1303 3685 qua

250 3695 377 3762 iphigenia
392 3698 480 3762 templo
491 3696 527 3745 illi
537 3696 645 3745 Taurica
657 3696 751 3747 Diana.
801 3696 867 3745 vitta
878 3697 909 3745 ab
921 3704 1022 3760 unaque
1034 3702 1101 3761 parte
1110 3695 1286 3760 dependebant.

283 3770 323 3818 72.
346 3770 440 3819 Evinetl
458 3770 584 3835 geminas]
608 3772 666 3819 Erat
686 3769 749 3819 enim
834 3771 874 3818 78.
892 3768 938 3817 Suo
955 3767 1022 3831 locu]
1041 3768 1095 3817 Hac
1112 3777 1174 3817 terra
1189 3768 1300 3825 Taurica,

250 3844 403 3901 consuetudo,
415 3852 443 3893 ut
457 3845 504 3894 aris
518 3843 630 3895 destinati
645 3844 752 3893 homines
801 3858 855 3911 qua
867 3852 903 3891 est
914 3841 1031 3891 crudelis:
1049 3851 1074 3890 et
1086 3841 1139 3892 ideo
1149 3857 1217 3891 sacra
1229 3842 1301 3889 etiarn
1324 3870 1327 3876 ·

250 3916 391 3981 ligarentur.
801 3916 910 3965 crudelia
920 3914 1096 3964 celebrantura
1111 3932 1149 3965 me
1164 3922 1245 3965 tamen
1256 3906 1309 3963 norr'

284 3992 324 4041 ro.
345 3994 435 4055 epuns
462 4004 538 4057 capus
564 3996 665 4051 runnu,
693 3993 750 4058 aa]
802 3990 902 4039 enneli.
1283 3982 1295 4043 ’.

249 4066 382 4115 Lustralem
399 4070 487 4133 aquam
505 4067 624 4133 inteiligit,
642 4084 695 4133 qura
714 4069 752 4117 ln·
803 4092 804 4095 =
834 4062 1302 4129 ⁷9.1tuusamgenru,].ttnimgmt

248 4140 351 4190 strandis
375 4157 404 4190 ac
427 4142 559 4209 purgandis
579 4142 661 4191 hostiis
683 4142 752 4191 adhi-
786 4138 893 4211 'Herna
927 4138 1159 4203 Ritnsisestgentis.
1173 4138 1240 4186 Talis
1250 4153 1301 4187 mos

249 4214 363 4274 hebetum
388 4232 435 4265 non
461 4217 564 4266 molam:
587 4232 665 4281 neque
686 4216 766 4265 enim*
801 4221 838 4261 est
853 4210 962 4261 Tauricis
976 4213 1077 4279 populis,
1095 4214 1182 4261 Dianas
1196 4211 1302 4277 hospitas

249 4287 313 4335 mola
330 4302 393 4353 aque
408 4292 541 4348 constabat,
560 4290 603 4339 sed
621 4290 708 4339 hordeo
726 4298 751 4338 et
801 4282 932 4335 immolare·

247 4360 314 4409 sale:
334 4378 387 4427 quta
406 4372 534 4429 antequam
552 4364 634 4414 hostia
653 4362 750 4431 jugula-
833 4360 874 4408 ul.
894 4358 991 4407 Nomine
1005 4357 1107 4421 pum]
1125 4356 1229 4407 Nomine
1242 4358 1300 4423 My-

247 4442 337 4492 rentur,
349 4437 443 4503 aspergi
453 4440 502 4489 illis
516 4447 588 4505 atque
599 4439 676 4489 offerri
687 4438 748 4488 sole·
801 4446 924 4481 caunum.
1216 4476 1220 4482 .

247 4508 314 4557 bant.
342 4512 415 4560 Man.
832 4502 1300 4567 ul.nuredoepatrtae]·1nt}rscian,

280 4575 322 4623 74.
346 4576 379 4624 Ut
398 4575 477 4642 insula
496 4577 565 4643 longo
581 4577 689 4642 ambiat]
715 4579 749 4627 Ut
799 4579 925 4643 Mycenas.
1205 4602 1210 4607 ·

247 4645 324 4697 infula
341 4648 481 4703 circumdet.
515 4654 572 4703 Erat
587 4652 653 4703 anim
670 4652 748 4717 insule
832 4650 1300 4717 uttdnquestoempugwtnmpumt:
1360 4704 1368 4714 ,

521 4728 525 4733 ’
896 4725 975 4775 00³
1196 4730 1201 4739 '
