3609 5967
452 777 521 843 EX
545 777 705 842 ΡΟΝΤΟ
730 779 820 843 LIB.
845 780 893 845 ΙΙ.
917 780 1063 847 Eplsr.
1089 782 1137 847 11.
1251 785 1317 848 4⁰6

272 946 445 1023 Praeterit
461 950 542 1048 ipse
560 974 650 1025 euos
667 952 792 1025 animo
811 954 1060 1028 Germanicus
1079 976 1209 1044 annos,

324 1062 360 1136 N
362 1089 406 1139 ec
422 1065 527 1162 vigor
544 1076 603 1140 est
622 1066 737 1141 Drusi
754 1068 950 1143 nobilitate
966 1068 1098 1143 minor.

270 1177 381 1253 Adde
395 1204 508 1254 nurus
522 1192 733 1279 neptesque
745 1183 841 1280 piae,
854 1194 1038 1280 natosque
1052 1194 1242 1283 nepotum,
1262 1190 1310 1260 75

320 1293 546 1393 Caeteraque
564 1298 746 1394 Auguetae
763 1299 932 1372 membra
946 1299 1071 1373 valere
1086 1300 1220 1374 domus
1235 1326 1243 1375 :

269 1407 380 1484 Adde
396 1411 646 1511 triumphatos
664 1414 776 1490 modo
794 1413 967 1500 Paeonas,
986 1415 1085 1490 adde
1102 1416 1220 1513 quieti

321 1527 483 1601 Subdita
498 1538 687 1602 montanae
705 1527 858 1603 brachia
876 1530 1087 1605 Dalmatiae.

271 1640 353 1716 Nee
372 1643 576 1741 dedignata
591 1655 652 1719 est
669 1646 829 1744 abJectis
848 1647 977 1745 Illyris
995 1647 1107 1722 armis

319 1756 536 1834 Caesareum
554 1760 693 1836 famulo
709 1760 847 1836 vertice
864 1762 960 1837 ferre
978 1763 1126 1861 pedem.
1259 1767 1307 1833 80

268 1871 356 1972 lpse
374 1899 488 1973 super
503 1900 665 1964 currum,
685 1878 832 1976 placido
849 1878 1066 1978 spectabilis
1084 1900 1159 1962 ore,

316 1988 503 2090 Tempora
520 1991 689 2068 Phoebea
705 1994 847 2092 virgine
864 2018 964 2072 nexa
979 1994 1087 2069 tulit:

298 2239 337 2286 73.
351 2239 479 2305 steterit]
497 2241 554 2290 lae.
573 2241 653 2292 tortior
671 2251 696 2292 et
710 2245 761 2292 ani·
842 2245 882 2293 7⁷.
894 2244 1008 2309 Pam]
1028 2242 1054 2291 h.
1069 2257 1092 2291 c.
1112 2241 1253 2297 Pannonica,
1270 2241 1305 2290 in·

267 2313 484 2380 maioremquam
499 2331 540 2381 pro
551 2325 622 2365 etate
637 2332 690 2365 tua.
722 2318 761 2366 De
808 2326 910 2383 terprete
930 2319 1054 2383 Verpoort.
1070 2314 1102 2365 de
1121 2330 1169 2379 quo
1189 2315 1306 2380 triumpho

266 2387 346 2436 sobole
365 2388 467 2452 Augusti
487 2389 577 2438 multus
595 2398 632 2437 eet
648 2388 763 2454 Micyllus
809 2390 859 2454 agit
868 2390 930 2455 eleg.
942 2389 1044 2456 pmccd.
1056 2405 1078 2437 v.
1092 2389 1160 2439 tle.
1169 2389 1209 2438 41.
1233 2389 1305 2438 Pence

265 2459 297 2509 ad
315 2461 366 2509 h.l.
384 2462 438 2511 vide
458 2463 530 2511 etiam
546 2465 677 2513 Stemmata
691 2464 761 2513 editt.
809 2464 879 2513 codd.
898 2465 987 2514 Erfnrt.
1005 2472 1030 2513 et
1050 2464 1137 2513 Bavar-
1163 2462 1233 2512 Unde
1251 2478 1305 2512 vero

265 2534 343 2583 Taciti
364 2544 389 2584 ct
407 2536 512 2585 Suetonii
529 2537 560 2586 ab
582 2537 675 2586 Ernesti
693 2540 724 2587 V.
733 2539 762 2588 C.
812 2539 928 2588 Pannonii
939 2538 1016 2589 vocati
1033 2537 1081 2587 nint
1095 2538 1194 2593 Peraea,
1209 2536 1303 2585 nescio:

265 2610 533 2676 adornatisrnbjuncte.
559 2613 763 2664 camarinnani
812 2612 903 2662 Prome
923 2614 947 2662 in
969 2611 1111 2661 Macedonia
1131 2611 1181 2659 noti
1198 2622 1262 2660 runt.
1279 2626 1303 2659 v.

266 2684 330 2734 tilius
350 2686 432 2741 Drusi,
452 2687 529 2735 fratria
549 2686 646 2745 Tibetii,
665 2689 696 2737 eb
717 2689 762 2739 hoc
812 2686 908 2737 Cellarii
925 2687 993 2737 notit.
1006 2686 1069 2735 orbis
1086 2685 1144 2734 iic.
1159 2686 1198 2734 1³.
1212 2687 1304 2749 peto.

262 2758 329 2824 jum
348 2758 450 2823 Augusti
471 2760 610 2826 adoptatur:
629 2777 682 2810 mox
698 2763 761 2813 Dru·
811 2762 865 2826 (ubi
882 2760 980 2827 insignis
994 2760 1060 2809 locus
1072 2760 1102 2809 de
1119 2759 1208 2824 origine
1220 2759 1304 2809 atrita

263 2849 305 2882 aua
324 2842 361 2883 eet
378 2833 467 2883 'liberii
489 2850 519 2883 ex
540 2835 671 2902 Agrippina
691 2837 761 2896 filine,
814 2835 910 2885 Pennie
919 2852 949 2884 ex
957 2834 1076 2884 Panmnie
1085 2849 1170 2900 neap.
1181 2834 1202 2881 1.
1212 2849 1238 2898 p.
1248 2833 1305 2882 376.

263 2907 331 2973 cujus
340 2924 399 2957 uxor
405 2907 473 2958 Livia
481 2908 533 2966 snit,
542 2911 680 2960 Germanici
687 2926 759 2962 amor.
810 2925 827 2958 a
840 2909 944 2960 cellario
959 2908 1128 2975 praetermissus
1144 2907 1246 2957 adscribi
1261 2923 1303 2974 po-

264 2982 376 3032 Hrntre.
809 2984 876 3046 teat.)
900 2984 1001 3032 Salmas.
1015 2982 1121 3033 exercitt
1136 2980 1199 3031 Plio.
1209 2998 1235 3047 p.
1249 2983 1303 3032 179.

295 3056 335 3105 75.
347 3056 626 3121 iturum-neptemque]
636 3058 723 3109 Bavar.
734 3070 759 3110 et
807 3057 853 3105 dcc.
877 3058 1000 3107 Jameero
1009 3053 1204 3104 victoriaTiberii
1218 3053 1304 3104 finibus

263 3130 304 3180 aiii
315 3130 369 3181 vide
386 3129 520 3189 netarium.
534 3129 585 3196 qui.
601 3132 635 3181 uti
651 3132 676 3182 in
692 3142 758 3185 textu
807 3129 936 3180 Pmnonie
948 3146 995 3179 non
1001 3137 1052 3178 erat
1058 3125 1243 3192 circumscripta.
1256 3128 1302 3177 At·

262 3212 309 3260 eet,
321 3220 351 3253 ex
365 3205 464 3268 digent.
474 3204 563 3268 Scaiig.
573 3204 674 3271 aliirqne
690 3223 756 3273 repo-
807 3220 854 3269 que
864 3204 895 3254 de
906 3204 999 3270 populis
1012 3202 1044 3251 ad
1057 3201 1190 3268 Rhodopen
1199 3211 1303 3252 montem

262 3278 318 3335 enit,
333 3287 358 3327 et
373 3279 470 3327 Sueten.
487 3294 510 3327 e.
521 3279 562 3327 64.
596 3279 687 3345 Nepter
702 3291 757 3331 eunt
806 3289 831 3327 ct
847 3277 1016 3327 Macedoniam
1033 3275 1176 3325 maritimam
1193 3275 1301 3327 habitan·

262 3351 401 3418 Agrippina,
416 3352 553 3402 Germanici
568 3369 635 3409 uxor,
657 3354 708 3404 tilia
721 3356 756 3404 A.
805 3349 1302 3414 tiburintelligitetiacheaenmin'l'hce.

261 3427 349 3491 grippo
370 3443 400 3476 cx
422 3427 497 3485 iulia,
518 3436 543 3476 et
570 3427 665 3484 Liuilla,
684 3429 757 3479 Drusi
807 3424 871 3473 LL.
882 3425 927 3473 rub
938 3423 962 3471 h.
973 3440 998 3471 v.
1010 3433 1114 3472 noenum
1123 3421 1204 3471 Ovidii
1214 3422 1301 3482 locum,

261 3500 322 3548 tilia:
342 3499 385 3549 hae
402 3499 462 3548 dicit
477 3503 536 3562 piei,
553 3500 607 3549 tue.
624 3500 694 3549 officii
708 3517 755 3551 eer-
807 3507 924 3564 utpoetea
935 3496 1044 3547 vidimus.
1070 3496 1183 3545 Hiram.

261 3582 352 3629 mter,
369 3589 444 3639 eoque
462 3574 568 3623 excludit
584 3575 674 3624 Julian
692 3575 756 3640 juni·
838 3574 877 3622 79.
890 3572 940 3620 Nec
948 3574 1072 3636 dedignata
1085 3571 1139 3634 est]
1158 3571 1301 3636 Illyriique-

260 3664 333 3704 orem,
343 3664 396 3711 qum
410 3649 440 3696 ob
457 3647 547 3712 flagitia
556 3648 581 3695 in
592 3647 692 3697 imolam
702 3649 755 3699 Tri-
806 3662 853 3711 que
873 3647 918 3695 tub
939 3645 1041 3712 Alpibus
1062 3645 1173 3710 agebam,
1193 3645 1300 3711 imaeque

261 3736 350 3770 merum
360 3720 466 3785 retegam
479 3721 534 3770 tuit.
546 3738 570 3769 v.
579 3721 656 3770 Tacit.
667 3722 755 3771 Annei.
806 3721 881 3770 vallea
892 3736 982 3777 camni.
993 3730 1019 3769 et
1028 3718 1139 3786 quadam
1153 3719 1221 3784 qumi
1234 3720 1300 3771 clau·

261 3795 338 3843 irat.
371 3795 483 3843 tinnire.
804 3801 853 3843 atra
872 3793 1044 3850 custodiebant,
1065 3793 1171 3859 abruptis
1193 3794 1300 3843 torrenti-

294 3869 406 3932 Crroepue
415 3869 523 3933 repetet]
541 3869 636 3927 Caium,
646 3870 755 3928 Lucium,
805 3869 850 3917 bue
866 3867 983 3933 impliciti.
1015 3869 1046 3916 ln
1064 3867 1107 3917 hoe
1126 3866 1299 3934 expeditionem

259 3952 285 3992 et
295 3942 434 4008 Agrippam,
443 3943 516 3993 June
532 3952 556 3992 et
572 3943 684 4008 Agrippia
695 3945 756 3993 titios
805 3942 909 4008 rumpit
928 3942 978 4008 ipee
988 3942 1121 4006 Augustus,
1132 3941 1227 4007 fierique
1240 3959 1300 4009 pou·

259 4017 375 4081 intellige.
404 4017 448 4066 Vel
463 4017 600 4067 Germanici
612 4017 712 4082 junioris
725 4018 752 4066 li·
805 4025 840 4064 tee
854 4015 987 4080 imperavit.
1015 4015 1077 4065 Vide
1091 4016 1195 4074 Florum,
1210 4017 1252 4066 lib.
1268 4016 1299 4066 iv.

259 4089 427 4156 bmoeaccipe,
438 4092 483 4140 rub
495 4100 606 4156 nepotum
618 4090 755 4148 nomine,nt
806 4089 844 4138 lt.
866 4089 906 4139 ubi
928 4090 1018 4145 Cesar,
1034 4088 1129 4139 nucina
1146 4090 1255 4139 manibus
1274 4103 1299 4140 et

258 4166 339 4214 crebro
349 4165 450 4230 reperies
460 4165 523 4230 apud
535 4174 650 4214 auctores.
803 4163 917 4220 cruribus,
929 4179 971 4212 ruo
985 4164 1100 4227 sauguine
1115 4163 1244 4228 speciosam
1262 4180 1299 4213 te·

291 4238 331 4286 76.
352 4239 481 4302 Ceteroque
501 4241 609 4303 Auguste
634 4239 751 4303 membra]
803 4236 997 4287 tulitvictoriam.

258 4313 418 4361 Permembra
427 4312 755 4376 domurAuguetm,caeteroe
835 4314 875 4361 80.
899 4312 988 4360 Verticc
999 4311 1113 4377 scaram]
1136 4309 1222 4374 Ottpite
1243 4311 1298 4359 eub-

257 4385 401 4451 propiuqnoe
425 4396 450 4435 et
474 4387 602 4435 familiam
633 4386 754 4450 intelligit.
803 4385 867 4435 dito:
886 4385 917 4435 ad
931 4385 1003 4450 pedet
1013 4384 1101 4434 'liberii
1116 4392 1298 4448 repmsteraere

260 4461 362 4508 itemtru
372 4462 456 4507 doner.
473 4461 563 4510 Plinius
574 4461 645 4509 etiam
657 4461 753 4525 elegan-
803 4468 828 4508 ct
838 4459 927 4508 victum
939 4458 1015 4508 fateri.

257 4547 293 4583 ter
307 4535 404 4581 membro
417 4537 495 4581 domui
508 4535 613 4600 udpeiiut
623 4546 702 4599 partes
710 4534 752 4582 do-
836 4535 876 4581 82.
886 4532 981 4579 Praei
991 4529 1063 4594 virg]
1082 4529 1106 4576 h.
1116 4546 1138 4578 e.
1149 4544 1235 4578 corona
1245 4529 1297 4580 iau·

258 4625 326 4668 mur3
336 4607 362 4656 ii.
373 4607 400 4655 E.
415 4608 459 4666 173
476 4607 597 4657 Caluini.
608 4609 633 4656 6.
803 4621 851 4655 rea.
867 4604 970 4668 Daphne
981 4603 1044 4652 enim
1055 4618 1070 4652 a
1081 4603 1173 4652 Phoebo
1184 4605 1298 4655 amatam

900 4678 924 4726 D
937 4681 978 4726 ⁰3
