3609 5967
477 776 542 841 182
770 776 811 840 Ρ.
836 773 1001 842 OVlDlI
1025 772 1239 841 NASONIS

476 950 556 1023 Vos
572 946 699 1034 facite,
717 958 760 1021 ut
771 957 917 1035 ventos,
935 948 1021 1022 loca
1037 972 1157 1047 quum
1174 948 1324 1025 diversa
1341 944 1531 1050 petamuS,

529 1064 600 1139 Illa
617 1088 706 1138 suos
723 1064 876 1151 habeat,
895 1086 966 1138 nec
985 1064 1109 1137 minus
1127 1063 1194 1137 ills
1210 1088 1312 1139 suos.
1484 1073 1534 1142 50

812 1462 1081 1539 ELEGIA
1117 1464 1191 1541 XI.

481 1632 642 1706 ernan
663 1656 917 1730 quaecumque
935 1642 996 1707 est
1012 1642 1094 1706 toto
1109 1631 1179 1705 tibi
1197 1633 1298 1706 lecta
1314 1631 1455 1719 libello,

531 1748 604 1822 Est
619 1750 711 1822 mihi
729 1750 902 1824 sollicitae
918 1760 1089 1846 tempore
1107 1748 1207 1823 facta
1223 1749 1307 1823 viae.

481 1862 560 1938 Aut
581 1865 679 1939 hano
702 1888 776 1953 me,
799 1864 917 1962 gelidi
942 1875 1143 1939 tremerem
1162 1888 1282 1962 quum
1310 1888 1440 1938 mense
1466 1864 1534 1938 de-

631 1980 806 2067 cemhrin,

533 2095 773 2170 Scribentem
790 2094 927 2170 mediis
946 2092 1092 2169 Hadria
1109 2094 1203 2170 vidit
1219 2095 1352 2193 aquis:
1509 2099 1534 2167 4

482 2208 574 2298 Aut,
594 2221 797 2309 postquam
814 2210 999 2284 bimarem
1019 2234 1133 2283 cursu
1156 2212 1414 2309 superavimus
1433 2209 1534 2283 Isth·

533 2324 739 2421 Alteraque
756 2334 817 2398 est
831 2335 970 2398 nostrae
988 2336 1115 2408 sumta
1131 2327 1260 2400 carina
1273 2325 1386 2423 sugae.
1413 2328 1532 2421 [mon,

484 2438 597 2525 Quod
614 2438 778 2514 lacerem
795 2463 928 2513 versus
945 2438 1044 2513 inter
1061 2440 1140 2515 fera
1156 2465 1349 2516 murmura
1365 2442 1483 2541 ponti,

534 2555 726 2654 Cycladas
744 2555 895 2653 AEgaeas
913 2555 1154 2655 obstupuisse
1173 2569 1287 2658 puto:

484 2672 574 2773 Ipse
593 2698 664 2770 ego
681 2698 782 2747 nunc
800 2674 926 2761 miror,
944 2673 1061 2747 tantis
1080 2673 1271 2773 animique
1289 2675 1480 2772 marisque

535 2788 731 2863 Fluctibus
749 2790 943 2886 ingenium
961 2815 1036 2864 non
1053 2791 1239 2867 cecidisse
1255 2815 1395 2865 meum.
1491 2795 1537 2864 10
1573 2882 1580 2893 ί

485 2902 563 2977 Seu
581 2915 714 3003 stupor
731 2905 820 2979 huic
838 2905 978 2993 studio,
998 2905 1077 2980 sive
1094 2907 1182 2980 huic
1201 2906 1347 2981 insania
1363 2930 1514 2991 nornen,

482 3030 488 3051 ³
536 3019 671 3095 Omnis
689 3023 737 3095 ab
756 3021 827 3095 hac
845 3046 937 3096 cura
954 3046 1061 3096 mens
1080 3024 1244 3097 relevata
1260 3045 1346 3097 mea
1362 3034 1435 3097 est.

385 3223 389 3232 ¹
485 3134 597 3233 Saepe
615 3160 687 3234 ego
705 3135 888 3211 nimbosis
907 3136 1046 3211 dubius
1059 3139 1234 3234 jactabar
1251 3140 1299 3212 ab
1319 3136 1474 3228 Haedis3

469 3282 486 3295 ·
536 3251 648 3352 Saepe
664 3253 794 3327 minax
813 3251 995 3353 Steropes
1013 3255 1136 3329 sidere
1154 3266 1293 3355 pontus
1311 3265 1413 3330 erat:

483 3430 585 3486 Seneca.
596 3430 702 3483 Hercule
713 3434 824 3492 furente,
836 3450 859 3483 r.
873 3434 950 3484 1210:
1034 3443 1101 3485 notet
1122 3436 1229 3501 Scaliger
1249 3435 1294 3485 lib.
1312 3436 1343 3486 vi.
1361 3436 1392 3485 de
1408 3436 1537 3485 Emendat.

524 3522 573 3567 quc
599 3516 692 3567 pontum
720 3508 821 3573 Scythen
851 3509 985 3575 Symplsgus
1033 3518 1135 3577 tempor.
1146 3527 1171 3576 p.
1182 3510 1241 3559 5³6.
1250 3526 1275 3560 ν.
1285 3511 1368 3559 Burin.
1401 3509 1515 3559 Hsanrs.

548 3588 634 3629 arctat.
1066 3584 1354 3649 ambratiam]
1377 3583 1537 3649 Peloponnesi

483 3652 581 3710 Statius,
603 3652 681 3703 ibeb.
701 3670 724 3703 v.
744 3670 786 3703 ors
810 3663 867 3705 sunt
887 3656 985 3721 Cyaneis
1034 3656 1159 3715 Isthmum,
1179 3658 1221 3723 qui
1243 3658 1349 3707 adluitur
1372 3656 1432 3706 mari
1453 3658 1538 3723 AEgseo

484 3737 577 3776 arente
592 3730 664 3776 undu.
679 3727 796 3793 Sequenti
810 3744 890 3779 versu.
909 3730 984 3780 Bisto-
1034 3739 1059 3781 et
1078 3730 1154 3781 Ionio.
1188 3730 1289 3781 Isthmus
1308 3739 1388 3781 sutem
1405 3730 1492 3780 dieitur
1508 3746 1538 3781 ee

484 3802 552 3848 nidus
564 3818 635 3864 equas
648 3817 690 3867 pro
706 3800 822 3851 Bistonius
830 3802 922 3869 primus
932 3806 983 3854 Vs·
1034 3814 1102 3855 terrm
1119 3806 1236 3871 angustia,
1251 3823 1306 3871 qum
1323 3806 1385 3855 inter
1400 3805 1449 3854 duo
1463 3806 1539 3855 marie

485 3875 595 3937 deanus3
612 3876 647 3927 sio
662 3876 704 3927 lib.
720 3877 746 3927 ii.
763 3878 794 3929 de
810 3879 896 3937 Ponto,
916 3880 985 3945 Eleg.
1034 3876 1080 3929 iter
1089 3880 1189 3945 porrigit
1199 3881 1230 3930 ad
1242 3881 1426 3940 Chersonesum,
1437 3888 1465 3929 nt
1475 3880 1538 3929 dixi-

484 3948 518 3998 ix.
528 3967 577 3999 ver.
588 3953 620 4000 54
630 3970 636 3998 :
1034 3944 1097 4002 rrius.

418 4059 422 4067 .
518 4023 986 4092 Bistoulsiugeniotmnsuperdutuosst.
1068 4028 1092 4075 8.
1111 4026 1225 4092 Cycladas
1235 4030 1326 4095 AEgaeus
1341 4030 1478 4091 obstupuisse
1493 4046 1540 4092 pu·

485 4096 545 4146 Mox
558 4097 640 4147 malim
657 4103 707 4149 loca
720 4118 791 4165 mun
801 4104 892 4151 mansa
904 4112 986 4166 poton·
1036 4101 1082 4164 ta]
1110 4100 1229 4167 Cyclades
1249 4103 1333 4153 insule
1354 4112 1409 4152 sunt
1430 4103 1456 4153 in
1477 4104 1537 4153 meri

485 4182 736 4239 tur,quampstusuu.
768 4175 859 4225 Herus.
1036 4176 1130 4240 AEgaeo,
1143 4193 1204 4241 quas
1217 4177 1344 4229 duodecim
1359 4184 1452 4227 tantum
1465 4178 1538 4227 tuisse

1037 4249 1120 4299 scribit
1138 4250 1232 4301 Strabo.
1271 4250 1350 4301 Diotm
1371 4260 1453 4301 autern
1474 4262 1540 4309 sunt,

518 4322 543 4370 ⁴.
555 4320 669 4385 Hadria]
688 4323 758 4373 Mare
767 4322 988 4382 llsdristicnm,ite
1037 4323 1102 4388 quod
1119 4322 1184 4374 circs
1198 4326 1289 4376 Delum
1302 4329 1329 4373 s'n
1345 4327 1434 4389 cyclon,
1451 4324 1478 4375 id
1494 4335 1539 4383 est,

485 4395 634 4462 appellatum
653 4396 684 4445 sb
705 4395 797 4445 Hadria
815 4398 875 4447 urbe
891 4398 988 4463 Illyrico
1037 4397 1063 4445 in
1077 4396 1230 4456 osbernum
1246 4407 1316 4449 sunt:
1334 4407 1361 4448 ut
1374 4397 1467 4449 Plinius
1482 4399 1539 4449 scri-

486 4468 545 4519 mari
559 4468 681 4534 proxima:
699 4468 754 4518 vide
767 4468 882 4529 Plinium,
896 4468 985 4521 libili.
1037 4469 1081 4521 bit
1114 4472 1187 4522 Man.
1464 4526 1466 4531 ,

486 4555 540 4609 cap.
552 4543 591 4591 lo.
799 4560 803 4565 ·
1072 4547 1111 4596 la.
1130 4546 1230 4613 Eadm]
1249 4547 1321 4598 Haedi
1333 4557 1448 4598 vocantur
1462 4548 1538 4598 stelle

519 4613 634 4665 Hadriam
653 4614 693 4665 bic
709 4632 753 4683 pro
768 4618 828 4668 mari
844 4616 914 4669 lunio
930 4618 986 4684 poni
1037 4619 1128 4671 durnin
1138 4638 1210 4673 manu
1221 4623 1319 4688 surige,
1331 4639 1431 4689 qnorum
1441 4631 1504 4673 ortus
1514 4632 1539 4671 et
