<?xml version="1.0" encoding="UTF-8"?>
<!DOCTYPE html PUBLIC "-//W3C//DTD XHTML 1.0 Transitional//EN"
    "http://www.w3.org/TR/xhtml1/DTD/xhtml1-transitional.dtd">
<html xmlns="http://www.w3.org/1999/xhtml" xml:lang="en" lang="en">
 <head>
  <title>
</title>
<meta http-equiv="Content-Type" content="text/html;charset=utf-8" />
  <meta name='ocr-system' content='tesseract 3.04.00' />
  <meta name='ocr-capabilities' content='ocr_page ocr_carea ocr_par ocr_line ocrx_word'/>
</head>
<body>
  <div class='ocr_page' id='page_1' title='image "./opera02giergoog_0471.png"; bbox 0 0 3609 5967; ppageno 0'>
   <div class='ocr_carea' id='block_1_1' title="bbox 419 717 1379 826">
    <p class='ocr_par' dir='ltr' id='par_1_1' title="bbox 419 717 1379 826">
     <span class='ocr_line' id='line_1_1' title="bbox 419 717 1379 826; baseline -0.007 -17"><span class='ocrx_word' id='word_1_1' title='bbox 419 742 490 809; x_wconf 86' lang='lat' dir='ltr'><strong>ex</strong></span> <span class='ocrx_word' id='word_1_2' title='bbox 514 740 676 807; x_wconf 80' lang='lat' dir='ltr'><strong>rouro</strong></span> <span class='ocrx_word' id='word_1_3' title='bbox 700 740 792 807; x_wconf 78' lang='lat' dir='ltr'><strong>um.</strong></span> <span class='ocrx_word' id='word_1_4' title='bbox 818 741 889 807; x_wconf 91' lang='lat'>111.</span> <span class='ocrx_word' id='word_1_5' title='bbox 913 742 1060 826; x_wconf 74' lang='lat' dir='ltr'><strong>urrsr.</strong></span> <span class='ocrx_word' id='word_1_6' title='bbox 1087 740 1149 812; x_wconf 72' lang='grc' dir='ltr'><strong>ιν.</strong></span> <span class='ocrx_word' id='word_1_7' title='bbox 1241 736 1307 803; x_wconf 75' lang='lat' dir='ltr'><strong>ror</strong></span> <span class='ocrx_word' id='word_1_8' title='bbox 1377 717 1379 720; x_wconf 81' lang='grc'><strong>’</strong></span> 
     </span>
    </p>
   </div>
   <div class='ocr_carea' id='block_1_2' title="bbox 255 914 1408 2762">
    <p class='ocr_par' dir='ltr' id='par_1_2' title="bbox 255 914 1243 1133">
     <span class='ocr_line' id='line_1_2' title="bbox 255 914 1133 1012; baseline -0.002 -23"><span class='ocrx_word' id='word_1_9' title='bbox 255 915 341 989; x_wconf 86' lang='lat' dir='ltr'>Sint</span> <span class='ocrx_word' id='word_1_10' title='bbox 358 914 473 1012; x_wconf 74' lang='lat' dir='ltr'><strong>igitur</strong></span> <span class='ocrx_word' id='word_1_11' title='bbox 490 926 614 990; x_wconf 84' lang='lat' dir='ltr'><strong>vestro</strong></span> <span class='ocrx_word' id='word_1_12' title='bbox 632 938 718 989; x_wconf 87' lang='lat' dir='ltr'><strong>mea</strong></span> <span class='ocrx_word' id='word_1_13' title='bbox 735 915 1002 991; x_wconf 84' lang='lat' dir='ltr'><strong>commendata</strong></span> <span class='ocrx_word' id='word_1_14' title='bbox 1017 914 1133 991; x_wconf 79' lang='lat' dir='ltr'><strong>favori</strong></span> 
     </span>
     <span class='ocr_line' id='line_1_3' title="bbox 305 1027 1243 1133; baseline -0.007 -26"><span class='ocrx_word' id='word_1_15' title='bbox 305 1030 496 1120; x_wconf 83' lang='lat' dir='ltr'>Carmina,</span> <span class='ocrx_word' id='word_1_16' title='bbox 515 1056 592 1107; x_wconf 86' lang='lat' dir='ltr'><strong>non</strong></span> <span class='ocrx_word' id='word_1_17' title='bbox 605 1056 761 1132; x_wconf 88' lang='lat' dir='ltr'><strong>possum</strong></span> <span class='ocrx_word' id='word_1_18' title='bbox 780 1058 847 1133; x_wconf 89' lang='lat' dir='ltr'><strong>pro</strong></span> <span class='ocrx_word' id='word_1_19' title='bbox 865 1032 1007 1131; x_wconf 91' lang='lat' dir='ltr'><strong>quibus</strong></span> <span class='ocrx_word' id='word_1_20' title='bbox 1024 1030 1108 1129; x_wconf 89' lang='lat' dir='ltr'><strong>ipse</strong></span> <span class='ocrx_word' id='word_1_21' title='bbox 1124 1027 1243 1125; x_wconf 88' lang='lat' dir='ltr'><strong>loqui.</strong></span> 
     </span>
    </p>

    <p class='ocr_par' dir='ltr' id='par_1_3' title="bbox 256 1142 1366 1365">
     <span class='ocr_line' id='line_1_4' title="bbox 256 1142 1366 1249; baseline -0.004 -30"><span class='ocrx_word' id='word_1_22' title='bbox 256 1146 408 1249; x_wconf 81' lang='lat' dir='ltr'><strong>Scripta</strong></span> <span class='ocrx_word' id='word_1_23' title='bbox 425 1148 578 1248; x_wconf 83' lang='lat' dir='ltr'>placent</span> <span class='ocrx_word' id='word_1_24' title='bbox 595 1172 618 1222; x_wconf 90' lang='lat' dir='ltr'><strong>a</strong></span> <span class='ocrx_word' id='word_1_25' title='bbox 635 1156 755 1223; x_wconf 83' lang='lat' dir='ltr'><strong>morte</strong></span> <span class='ocrx_word' id='word_1_26' title='bbox 772 1147 872 1223; x_wconf 83' lang='lat' dir='ltr'><strong>lere:</strong></span> <span class='ocrx_word' id='word_1_27' title='bbox 893 1146 984 1246; x_wconf 90' lang='lat' dir='ltr'><strong>quia</strong></span> <span class='ocrx_word' id='word_1_28' title='bbox 1000 1146 1137 1221; x_wconf 73' lang='lat' dir='ltr'><strong>laedere</strong></span> <span class='ocrx_word' id='word_1_29' title='bbox 1149 1142 1253 1217; x_wconf 84' lang='lat' dir='ltr'><strong>vivos</strong></span> <span class='ocrx_word' id='word_1_30' title='bbox 1361 1165 1366 1174; x_wconf 80' lang='grc'><strong>’</strong></span> 
     </span>
     <span class='ocr_line' id='line_1_5' title="bbox 305 1262 1071 1365; baseline 0 -29"><span class='ocrx_word' id='word_1_31' title='bbox 305 1262 428 1350; x_wconf 86' lang='lat' dir='ltr'><strong>Livor,</strong></span> <span class='ocrx_word' id='word_1_32' title='bbox 444 1274 484 1339; x_wconf 87' lang='lat' dir='ltr'><strong>et</strong></span> <span class='ocrx_word' id='word_1_33' title='bbox 499 1264 640 1362; x_wconf 83' lang='lat' dir='ltr'><strong>injusto</strong></span> <span class='ocrx_word' id='word_1_34' title='bbox 658 1288 814 1365; x_wconf 85' lang='lat' dir='ltr'><strong>carpere</strong></span> <span class='ocrx_word' id='word_1_35' title='bbox 830 1266 946 1340; x_wconf 91' lang='lat' dir='ltr'><strong>dente</strong></span> <span class='ocrx_word' id='word_1_36' title='bbox 959 1264 1071 1338; x_wconf 86' lang='lat' dir='ltr'><strong>solet.</strong></span> 
     </span>
    </p>

    <p class='ocr_par' dir='ltr' id='par_1_4' title="bbox 258 1375 1305 1597">
     <span class='ocr_line' id='line_1_6' title="bbox 258 1375 1305 1475; baseline -0.006 -24"><span class='ocrx_word' id='word_1_37' title='bbox 258 1377 300 1453; x_wconf 85' lang='lat' dir='ltr'><strong>Si</strong></span> <span class='ocrx_word' id='word_1_38' title='bbox 318 1403 439 1475; x_wconf 87' lang='lat' dir='ltr'><strong>genus</strong></span> <span class='ocrx_word' id='word_1_39' title='bbox 457 1390 516 1453; x_wconf 89' lang='lat' dir='ltr'><strong>est</strong></span> <span class='ocrx_word' id='word_1_40' title='bbox 533 1380 663 1453; x_wconf 83' lang='lat' dir='ltr'><strong>mortis</strong></span> <span class='ocrx_word' id='word_1_41' title='bbox 678 1380 778 1455; x_wconf 89' lang='lat' dir='ltr'><strong>male</strong></span> <span class='ocrx_word' id='word_1_42' title='bbox 791 1382 928 1469; x_wconf 86' lang='lat' dir='ltr'><strong>vivere,</strong></span> <span class='ocrx_word' id='word_1_43' title='bbox 943 1391 1044 1454; x_wconf 87' lang='lat' dir='ltr'><strong>terra</strong></span> <span class='ocrx_word' id='word_1_44' title='bbox 1059 1384 1237 1459; x_wconf 86' lang='lat' dir='ltr'><strong>moratur,</strong></span> <span class='ocrx_word' id='word_1_45' title='bbox 1257 1375 1305 1447; x_wconf 80' lang='lat'><strong>75</strong></span> 
     </span>
     <span class='ocr_line' id='line_1_7' title="bbox 305 1492 1032 1597; baseline 0.006 -30"><span class='ocrx_word' id='word_1_46' title='bbox 305 1492 356 1568; x_wconf 92' lang='lat' dir='ltr'><strong>Et</strong></span> <span class='ocrx_word' id='word_1_47' title='bbox 373 1494 615 1569; x_wconf 78' lang='lat' dir='ltr'><strong>desentiatis</strong></span> <span class='ocrx_word' id='word_1_48' title='bbox 633 1496 715 1571; x_wconf 90' lang='lat' dir='ltr'><strong>sola</strong></span> <span class='ocrx_word' id='word_1_49' title='bbox 732 1498 909 1597; x_wconf 84' lang='lat' dir='ltr'><strong>sepulcra</strong></span> <span class='ocrx_word' id='word_1_50' title='bbox 924 1495 1032 1571; x_wconf 87' lang='lat' dir='ltr'><strong>meis.</strong></span> 
     </span>
    </p>

    <p class='ocr_par' dir='ltr' id='par_1_5' title="bbox 255 1608 1269 1830">
     <span class='ocr_line' id='line_1_8' title="bbox 255 1608 1269 1713; baseline -0.004 -31"><span class='ocrx_word' id='word_1_51' title='bbox 255 1608 434 1709; x_wconf 88' lang='lat' dir='ltr'><strong>Denique</strong></span> <span class='ocrx_word' id='word_1_52' title='bbox 451 1635 547 1710; x_wconf 92' lang='lat' dir='ltr'><strong>opus</strong></span> <span class='ocrx_word' id='word_1_53' title='bbox 566 1621 703 1686; x_wconf 84' lang='lat' dir='ltr'><strong>nostrae</strong></span> <span class='ocrx_word' id='word_1_54' title='bbox 721 1614 896 1713; x_wconf 78' lang='lat' dir='ltr'><strong>culpetur</strong></span> <span class='ocrx_word' id='word_1_55' title='bbox 914 1624 956 1687; x_wconf 89' lang='lat' dir='ltr'><strong>ut</strong></span> <span class='ocrx_word' id='word_1_56' title='bbox 973 1611 1143 1709; x_wconf 88' lang='lat' dir='ltr'><strong>undique</strong></span> <span class='ocrx_word' id='word_1_57' title='bbox 1156 1629 1269 1691; x_wconf 85' lang='lat' dir='ltr'><strong>curoe,</strong></span> 
     </span>
     <span class='ocr_line' id='line_1_9' title="bbox 306 1726 1160 1830; baseline 0.002 -31"><span class='ocrx_word' id='word_1_58' title='bbox 306 1726 483 1801; x_wconf 90' lang='lat' dir='ltr'><strong>Officium</strong></span> <span class='ocrx_word' id='word_1_59' title='bbox 501 1752 625 1815; x_wconf 84' lang='lat' dir='ltr'><strong>neme,</strong></span> <span class='ocrx_word' id='word_1_60' title='bbox 642 1729 709 1827; x_wconf 92' lang='lat' dir='ltr'><strong>qui</strong></span> <span class='ocrx_word' id='word_1_61' title='bbox 726 1730 992 1830; x_wconf 87' lang='lat' dir='ltr'><strong>reprehendat,</strong></span> <span class='ocrx_word' id='word_1_62' title='bbox 1006 1728 1090 1803; x_wconf 86' lang='lat' dir='ltr'><strong>erit.</strong></span> <span class='ocrx_word' id='word_1_63' title='bbox 1157 1770 1160 1775; x_wconf 96' lang='lat'>·</span> 
     </span>
    </p>

    <p class='ocr_par' dir='ltr' id='par_1_6' title="bbox 256 1842 1307 2059">
     <span class='ocr_line' id='line_1_10' title="bbox 256 1842 1228 1933; baseline -0.004 -16"><span class='ocrx_word' id='word_1_64' title='bbox 256 1842 311 1918; x_wconf 92' lang='lat' dir='ltr'><strong>Ut</strong></span> <span class='ocrx_word' id='word_1_65' title='bbox 328 1844 453 1919; x_wconf 82' lang='lat' dir='ltr'>desint</span> <span class='ocrx_word' id='word_1_66' title='bbox 469 1844 580 1933; x_wconf 85' lang='lat' dir='ltr'><strong>vires,</strong></span> <span class='ocrx_word' id='word_1_67' title='bbox 599 1854 727 1921; x_wconf 87' lang='lat' dir='ltr'><strong>tamen</strong></span> <span class='ocrx_word' id='word_1_68' title='bbox 745 1858 807 1921; x_wconf 89' lang='lat' dir='ltr'><strong>est</strong></span> <span class='ocrx_word' id='word_1_69' title='bbox 824 1846 1016 1921; x_wconf 85' lang='lat' dir='ltr'><strong>laudanda</strong></span> <span class='ocrx_word' id='word_1_70' title='bbox 1030 1843 1228 1918; x_wconf 85' lang='lat' dir='ltr'><strong>voluntas:</strong></span> 
     </span>
     <span class='ocr_line' id='line_1_11' title="bbox 305 1957 1307 2059; baseline -0.001 -26"><span class='ocrx_word' id='word_1_71' title='bbox 305 1958 390 2033; x_wconf 90' lang='lat' dir='ltr'><strong>Hac</strong></span> <span class='ocrx_word' id='word_1_72' title='bbox 402 1961 480 2057; x_wconf 76' lang='lat' dir='ltr'><strong>&#39;ego</strong></span> <span class='ocrx_word' id='word_1_73' title='bbox 494 1970 693 2035; x_wconf 87' lang='lat' dir='ltr'><strong>contentos</strong></span> <span class='ocrx_word' id='word_1_74' title='bbox 711 1986 872 2059; x_wconf 80' lang='lat' dir='ltr'><strong>auguror</strong></span> <span class='ocrx_word' id='word_1_75' title='bbox 889 1985 975 2038; x_wconf 84' lang='lat' dir='ltr'><strong>esse</strong></span> <span class='ocrx_word' id='word_1_76' title='bbox 994 1960 1111 2034; x_wconf 87' lang='lat' dir='ltr'><strong>Deos.</strong></span> <span class='ocrx_word' id='word_1_77' title='bbox 1257 1957 1307 2025; x_wconf 84' lang='lat'><strong>80</strong></span> 
     </span>
    </p>

    <p class='ocr_par' dir='ltr' id='par_1_7' title="bbox 255 2064 1303 2293">
     <span class='ocr_line' id='line_1_12' title="bbox 255 2071 1303 2178; baseline -0.004 -31"><span class='ocrx_word' id='word_1_78' title='bbox 255 2071 349 2148; x_wconf 87' lang='lat' dir='ltr'><strong>Haec</strong></span> <span class='ocrx_word' id='word_1_79' title='bbox 363 2074 466 2173; x_wconf 81' lang='lat' dir='ltr'><strong>lacit,</strong></span> <span class='ocrx_word' id='word_1_80' title='bbox 480 2086 523 2149; x_wconf 87' lang='lat' dir='ltr'><strong>ut</strong></span> <span class='ocrx_word' id='word_1_81' title='bbox 536 2075 663 2151; x_wconf 88' lang='lat' dir='ltr'><strong>veniat</strong></span> <span class='ocrx_word' id='word_1_82' title='bbox 675 2101 820 2177; x_wconf 82' lang='lat' dir='ltr'><strong>pauper</strong></span> <span class='ocrx_word' id='word_1_83' title='bbox 831 2102 986 2178; x_wconf 89' lang='lat' dir='ltr'><strong>quoque</strong></span> <span class='ocrx_word' id='word_1_84' title='bbox 1000 2086 1129 2175; x_wconf 87' lang='lat' dir='ltr'><strong>gratus</strong></span> <span class='ocrx_word' id='word_1_85' title='bbox 1144 2072 1193 2147; x_wconf 87' lang='lat' dir='ltr'><strong>ad</strong></span> <span class='ocrx_word' id='word_1_86' title='bbox 1208 2092 1303 2156; x_wconf 72' lang='lat' dir='ltr'><strong>arae,</strong></span> 
     </span>
     <span class='ocr_line' id='line_1_13' title="bbox 306 2189 1115 2293; baseline 0 -29"><span class='ocrx_word' id='word_1_87' title='bbox 306 2189 357 2264; x_wconf 89' lang='lat' dir='ltr'><strong>Et</strong></span> <span class='ocrx_word' id='word_1_88' title='bbox 374 2193 523 2291; x_wconf 88' lang='lat' dir='ltr'><strong>placeat</strong></span> <span class='ocrx_word' id='word_1_89' title='bbox 540 2216 640 2268; x_wconf 86' lang='lat' dir='ltr'><strong>caeso</strong></span> <span class='ocrx_word' id='word_1_90' title='bbox 658 2218 734 2269; x_wconf 89' lang='lat' dir='ltr'><strong>non</strong></span> <span class='ocrx_word' id='word_1_91' title='bbox 748 2196 873 2270; x_wconf 90' lang='lat' dir='ltr'><strong>minus</strong></span> <span class='ocrx_word' id='word_1_92' title='bbox 891 2220 991 2293; x_wconf 83' lang='lat' dir='ltr'><strong>agna</strong></span> <span class='ocrx_word' id='word_1_93' title='bbox 1006 2195 1115 2267; x_wconf 87' lang='lat' dir='ltr'><strong>bove.</strong></span> 
     </span>
    </p>

    <p class='ocr_par' dir='ltr' id='par_1_8' title="bbox 256 2304 1408 2642">
     <span class='ocr_line' id='line_1_14' title="bbox 256 2304 1408 2410; baseline -0.007 -29"><span class='ocrx_word' id='word_1_94' title='bbox 256 2304 335 2383; x_wconf 88' lang='lat' dir='ltr'><strong>Res</strong></span> <span class='ocrx_word' id='word_1_95' title='bbox 353 2332 509 2407; x_wconf 90' lang='lat' dir='ltr'><strong>quoque</strong></span> <span class='ocrx_word' id='word_1_96' title='bbox 526 2318 633 2385; x_wconf 88' lang='lat' dir='ltr'><strong>tanta</strong></span> <span class='ocrx_word' id='word_1_97' title='bbox 649 2310 897 2410; x_wconf 65' lang='lat' dir='ltr'><strong>fuit-quanta</strong></span> <span class='ocrx_word' id='word_1_98' title='bbox 916 2308 1124 2386; x_wconf 80' lang='lat' dir='ltr'><strong>subsistere</strong></span> <span class='ocrx_word' id='word_1_99' title='bbox 1141 2324 1289 2381; x_wconf 89' lang='lat' dir='ltr'><strong>summo</strong></span> <span class='ocrx_word' id='word_1_100' title='bbox 1397 2326 1408 2341; x_wconf 92' lang='lat'><strong>·</strong></span> 
     </span>
     <span class='ocr_line' id='line_1_15' title="bbox 305 2414 1242 2523; baseline 0.007 -27"><span class='ocrx_word' id='word_1_101' title='bbox 305 2420 447 2498; x_wconf 85' lang='lat' dir='ltr'><strong>Iliados</strong></span> <span class='ocrx_word' id='word_1_102' title='bbox 464 2426 540 2500; x_wconf 88' lang='lat' dir='ltr'><strong>vati</strong></span> <span class='ocrx_word' id='word_1_103' title='bbox 558 2427 702 2523; x_wconf 79' lang='lat' dir='ltr'><strong>grande</strong></span> <span class='ocrx_word' id='word_1_104' title='bbox 719 2426 854 2503; x_wconf 81' lang='lat' dir='ltr'><strong>luisset</strong></span> <span class='ocrx_word' id='word_1_105' title='bbox 871 2452 978 2503; x_wconf 87' lang='lat' dir='ltr'><strong>onus.</strong></span> <span class='ocrx_word' id='word_1_106' title='bbox 1239 2414 1242 2423; x_wconf 46' lang='lat'>¹</span> 
     </span>
     <span class='ocr_line' id='line_1_16' title="bbox 257 2535 1305 2642; baseline -0.002 -29"><span class='ocrx_word' id='word_1_107' title='bbox 257 2538 369 2615; x_wconf 89' lang='lat' dir='ltr'><strong>Ferre</strong></span> <span class='ocrx_word' id='word_1_108' title='bbox 386 2542 501 2615; x_wconf 88' lang='lat' dir='ltr'><strong>etiam</strong></span> <span class='ocrx_word' id='word_1_109' title='bbox 518 2544 652 2618; x_wconf 90' lang='lat' dir='ltr'><strong>molles</strong></span> <span class='ocrx_word' id='word_1_110' title='bbox 666 2545 763 2642; x_wconf 88' lang='lat' dir='ltr'><strong>elegi</strong></span> <span class='ocrx_word' id='word_1_111' title='bbox 783 2556 862 2620; x_wconf 88' lang='lat' dir='ltr'><strong>tam</strong></span> <span class='ocrx_word' id='word_1_112' title='bbox 874 2554 984 2636; x_wconf 75' lang='lat' dir='ltr'><strong>vasta</strong></span> <span class='ocrx_word' id='word_1_113' title='bbox 1000 2536 1181 2636; x_wconf 89' lang='lat' dir='ltr'><strong>triumphi</strong></span> <span class='ocrx_word' id='word_1_114' title='bbox 1257 2535 1305 2608; x_wconf 81' lang='grc'><strong>85</strong></span> 
     </span>
    </p>

    <p class='ocr_par' dir='ltr' id='par_1_9' title="bbox 306 2654 1104 2762">
     <span class='ocr_line' id='line_1_17' title="bbox 306 2654 1104 2762; baseline -0.001 -33"><span class='ocrx_word' id='word_1_115' title='bbox 306 2654 483 2733; x_wconf 91' lang='lat' dir='ltr'><strong>Pondera</strong></span> <span class='ocrx_word' id='word_1_116' title='bbox 498 2657 715 2759; x_wconf 72' lang='lat' dir='ltr'><strong>disparibus</strong></span> <span class='ocrx_word' id='word_1_117' title='bbox 732 2686 807 2735; x_wconf 90' lang='lat' dir='ltr'><strong>non</strong></span> <span class='ocrx_word' id='word_1_118' title='bbox 825 2672 982 2762; x_wconf 88' lang='lat' dir='ltr'><strong>potuere</strong></span> <span class='ocrx_word' id='word_1_119' title='bbox 999 2657 1104 2731; x_wconf 88' lang='lat' dir='ltr'><strong>rotis.</strong></span> 
     </span>
    </p>
   </div>
   <div class='ocr_carea' id='block_1_3' title="bbox 253 2954 1354 4721">
    <p class='ocr_par' dir='ltr' id='par_1_10' title="bbox 253 2954 1307 3104">
     <span class='ocr_line' id='line_1_18' title="bbox 287 2954 1307 3031; baseline -0.007 -22"><span class='ocrx_word' id='word_1_120' title='bbox 287 2958 329 3009; x_wconf 80' lang='lat'><strong>⁷5.</strong></span> <span class='ocrx_word' id='word_1_121' title='bbox 343 2958 414 3009; x_wconf 75' lang='lat' dir='ltr'><strong>Tarra</strong></span> <span class='ocrx_word' id='word_1_122' title='bbox 422 2964 550 3028; x_wconf 57' lang='lat' dir='ltr'><strong>moratam]</strong></span> <span class='ocrx_word' id='word_1_123' title='bbox 564 2964 705 3029; x_wconf 85' lang='lat' dir='ltr'><strong>Sepulcrum</strong></span> <span class='ocrx_word' id='word_1_124' title='bbox 715 2980 754 3014; x_wconf 84' lang='lat' dir='ltr'><strong>ma</strong></span> <span class='ocrx_word' id='word_1_125' title='bbox 804 2964 950 3031; x_wconf 82' lang='lat' dir='ltr'><strong>emplaribua</strong></span> <span class='ocrx_word' id='word_1_126' title='bbox 960 2963 1096 3027; x_wconf 77' lang='lat' dir='ltr'><strong>legatur,et</strong></span> <span class='ocrx_word' id='word_1_127' title='bbox 1105 2954 1203 3023; x_wconf 87' lang='lat' dir='ltr'><strong>quidem</strong></span> <span class='ocrx_word' id='word_1_128' title='bbox 1211 2954 1307 3004; x_wconf 86' lang='lat' dir='ltr'><strong>rectius.</strong></span> 
     </span>
     <span class='ocr_line' id='line_1_19' title="bbox 253 3031 1306 3104; baseline -0.004 -23"><span class='ocrx_word' id='word_1_129' title='bbox 253 3040 386 3097; x_wconf 79' lang='lat' dir='ltr'><strong>exspectat.</strong></span> <span class='ocrx_word' id='word_1_130' title='bbox 716 3048 718 3053; x_wconf 88' lang='grc'><strong>’</strong></span> <span class='ocrx_word' id='word_1_131' title='bbox 805 3040 852 3090; x_wconf 82' lang='lat' dir='ltr'><strong>Sed</strong></span> <span class='ocrx_word' id='word_1_132' title='bbox 869 3037 934 3104; x_wconf 89' lang='lat' dir='ltr'><strong>quod</strong></span> <span class='ocrx_word' id='word_1_133' title='bbox 949 3051 1045 3086; x_wconf 78' lang='lat' dir='ltr'><strong>monere</strong></span> <span class='ocrx_word' id='word_1_134' title='bbox 1061 3031 1231 3100; x_wconf 83' lang='lat' dir='ltr'><strong>propemodum</strong></span> <span class='ocrx_word' id='word_1_135' title='bbox 1248 3044 1306 3094; x_wconf 77' lang='lat' dir='ltr'><strong>neg·</strong></span> 
     </span>
    </p>

    <p class='ocr_par' dir='ltr' id='par_1_11' title="bbox 253 3102 1307 3321">
     <span class='ocr_line' id='line_1_20' title="bbox 286 3102 1306 3179; baseline -0.004 -24"><span class='ocrx_word' id='word_1_136' title='bbox 286 3106 327 3155; x_wconf 83' lang='lat'><strong>77.</strong></span> <span class='ocrx_word' id='word_1_137' title='bbox 345 3108 408 3171; x_wconf 73' lang='lat' dir='ltr'><strong>Opus</strong></span> <span class='ocrx_word' id='word_1_138' title='bbox 425 3119 506 3159; x_wconf 77' lang='lat' dir='ltr'><strong>nostre</strong></span> <span class='ocrx_word' id='word_1_139' title='bbox 523 3112 606 3177; x_wconf 63' lang='lat' dir='ltr'><strong>cera]</strong></span> <span class='ocrx_word' id='word_1_140' title='bbox 625 3112 694 3179; x_wconf 83' lang='lat' dir='ltr'><strong>Opus</strong></span> <span class='ocrx_word' id='word_1_141' title='bbox 710 3109 773 3163; x_wconf 70' lang='lat' dir='ltr'><strong>lroc&#39;</strong></span> <span class='ocrx_word' id='word_1_142' title='bbox 804 3113 921 3170; x_wconf 83' lang='lat' dir='ltr'><strong>lexeram,</strong></span> <span class='ocrx_word' id='word_1_143' title='bbox 938 3110 1024 3160; x_wconf 82' lang='lat' dir='ltr'><strong>iisdem</strong></span> <span class='ocrx_word' id='word_1_144' title='bbox 1039 3106 1146 3157; x_wconf 85' lang='lat' dir='ltr'><strong>versibus</strong></span> <span class='ocrx_word' id='word_1_145' title='bbox 1161 3119 1245 3154; x_wconf 71' lang='lat' dir='ltr'><strong>navus</strong></span> <span class='ocrx_word' id='word_1_146' title='bbox 1260 3102 1306 3151; x_wconf 80' lang='lat' dir='ltr'><strong>loe-</strong></span> 
     </span>
     <span class='ocr_line' id='line_1_21' title="bbox 253 3180 1307 3251; baseline -0.004 -22"><span class='ocrx_word' id='word_1_147' title='bbox 253 3180 284 3229; x_wconf 84' lang='lat' dir='ltr'><strong>de</strong></span> <span class='ocrx_word' id='word_1_148' title='bbox 299 3181 419 3249; x_wconf 81' lang='lat' dir='ltr'><strong>triumpho</strong></span> <span class='ocrx_word' id='word_1_149' title='bbox 436 3184 462 3233; x_wconf 87' lang='lat' dir='ltr'><strong>in</strong></span> <span class='ocrx_word' id='word_1_150' title='bbox 480 3200 528 3249; x_wconf 91' lang='lat' dir='ltr'><strong>quo</strong></span> <span class='ocrx_word' id='word_1_151' title='bbox 545 3200 657 3251; x_wconf 83' lang='lat' dir='ltr'><strong>magnam</strong></span> <span class='ocrx_word' id='word_1_152' title='bbox 674 3203 756 3237; x_wconf 85' lang='lat' dir='ltr'><strong>curam</strong></span> <span class='ocrx_word' id='word_1_153' title='bbox 805 3186 917 3237; x_wconf 81' lang='lat' dir='ltr'><strong>dissimua</strong></span> <span class='ocrx_word' id='word_1_154' title='bbox 941 3184 1048 3240; x_wconf 72' lang='lat' dir='ltr'><strong>inhaeoer,</strong></span> <span class='ocrx_word' id='word_1_155' title='bbox 1069 3196 1143 3247; x_wconf 87' lang='lat' dir='ltr'><strong>quum</strong></span> <span class='ocrx_word' id='word_1_156' title='bbox 1169 3194 1212 3245; x_wconf 89' lang='lat' dir='ltr'><strong>pro</strong></span> <span class='ocrx_word' id='word_1_157' title='bbox 1233 3180 1307 3240; x_wconf 76' lang='lat' dir='ltr'><strong>major</strong></span> 
     </span>
     <span class='ocr_line' id='line_1_22' title="bbox 255 3250 1307 3321; baseline -0.004 -18"><span class='ocrx_word' id='word_1_158' title='bbox 255 3253 365 3304; x_wconf 79' lang='lat' dir='ltr'><strong>adhibui.</strong></span> <span class='ocrx_word' id='word_1_159' title='bbox 805 3264 907 3309; x_wconf 68' lang='lat' dir='ltr'><strong>nemius</strong></span> <span class='ocrx_word' id='word_1_160' title='bbox 923 3266 988 3308; x_wconf 73' lang='lat' dir='ltr'><strong>mat</strong></span> <span class='ocrx_word' id='word_1_161' title='bbox 1005 3254 1167 3321; x_wconf 81' lang='lat' dir='ltr'><strong>reponendum</strong></span> <span class='ocrx_word' id='word_1_162' title='bbox 1184 3250 1217 3300; x_wconf 80' lang='lat' dir='ltr'><strong>sit</strong></span> <span class='ocrx_word' id='word_1_163' title='bbox 1233 3255 1307 3315; x_wconf 78' lang='lat' dir='ltr'><strong>major</strong></span> 
     </span>
    </p>

    <p class='ocr_par' dir='ltr' id='par_1_12' title="bbox 253 3326 1308 4284">
     <span class='ocr_line' id='line_1_23' title="bbox 287 3326 1308 3396; baseline -0.003 -19"><span class='ocrx_word' id='word_1_164' title='bbox 287 3330 327 3377; x_wconf 74' lang='lat' dir='ltr'><strong>al.</strong></span> <span class='ocrx_word' id='word_1_165' title='bbox 344 3330 451 3379; x_wconf 78' lang='lat' dir='ltr'><strong>AEmidoa</strong></span> <span class='ocrx_word' id='word_1_166' title='bbox 472 3332 542 3396; x_wconf 62' lang='lat' dir='ltr'><strong>autb]</strong></span> <span class='ocrx_word' id='word_1_167' title='bbox 563 3334 677 3383; x_wconf 71' lang='lat' dir='ltr'><strong>Emodus</strong></span> <span class='ocrx_word' id='word_1_168' title='bbox 695 3350 756 3385; x_wconf 82' lang='lat' dir='ltr'><strong>unus</strong></span> <span class='ocrx_word' id='word_1_169' title='bbox 807 3334 927 3391; x_wconf 76' lang='lat' dir='ltr'><strong>Mincius,¹</strong></span> <span class='ocrx_word' id='word_1_170' title='bbox 947 3340 976 3381; x_wconf 89' lang='lat' dir='ltr'><strong>ut</strong></span> <span class='ocrx_word' id='word_1_171' title='bbox 992 3330 1092 3379; x_wconf 83' lang='lat' dir='ltr'><strong>fluvium</strong></span> <span class='ocrx_word' id='word_1_172' title='bbox 1109 3326 1160 3393; x_wconf 77' lang='lat' dir='ltr'><strong>agri</strong></span> <span class='ocrx_word' id='word_1_173' title='bbox 1178 3326 1308 3376; x_wconf 84' lang='lat' dir='ltr'><strong>Mantuani</strong></span> 
     </span>
     <span class='ocr_line' id='line_1_24' title="bbox 254 3400 1305 3475; baseline -0.005 -22"><span class='ocrx_word' id='word_1_174' title='bbox 254 3402 393 3453; x_wconf 72' lang='lat' dir='ltr'><strong>Vossianus.</strong></span> <span class='ocrx_word' id='word_1_175' title='bbox 413 3404 477 3453; x_wconf 87' lang='lat' dir='ltr'><strong>Puto</strong></span> <span class='ocrx_word' id='word_1_176' title='bbox 488 3404 574 3455; x_wconf 80' lang='lat' dir='ltr'><strong>Iliados</strong></span> <span class='ocrx_word' id='word_1_177' title='bbox 586 3411 642 3456; x_wconf 81' lang='lat' dir='ltr'><strong>voti.</strong></span> <span class='ocrx_word' id='word_1_178' title='bbox 660 3408 755 3475; x_wconf 78' lang='lat' dir='ltr'><strong>Quippe</strong></span> <span class='ocrx_word' id='word_1_179' title='bbox 806 3405 913 3472; x_wconf 81' lang='lat' dir='ltr'><strong>posuerit</strong></span> <span class='ocrx_word' id='word_1_180' title='bbox 932 3420 975 3471; x_wconf 87' lang='lat' dir='ltr'><strong>pro</strong></span> <span class='ocrx_word' id='word_1_181' title='bbox 995 3404 1048 3470; x_wconf 75' lang='lat' dir='ltr'><strong>ipsa</strong></span> <span class='ocrx_word' id='word_1_182' title='bbox 1068 3402 1180 3452; x_wconf 81' lang='lat' dir='ltr'><strong>Mantua.</strong></span> <span class='ocrx_word' id='word_1_183' title='bbox 1214 3400 1305 3449; x_wconf 74' lang='lat' dir='ltr'><strong>Herus.</strong></span> 
     </span>
     <span class='ocr_line' id='line_1_25' title="bbox 253 3468 1306 3547; baseline 0.006 -23"><span class='ocrx_word' id='word_1_184' title='bbox 253 3484 281 3525; x_wconf 85' lang='lat' dir='ltr'><strong>ut</strong></span> <span class='ocrx_word' id='word_1_185' title='bbox 292 3492 410 3526; x_wconf 84' lang='lat' dir='ltr'><strong>summum</strong></span> <span class='ocrx_word' id='word_1_186' title='bbox 420 3488 501 3528; x_wconf 86' lang='lat' dir='ltr'><strong>vatem</strong></span> <span class='ocrx_word' id='word_1_187' title='bbox 509 3479 637 3545; x_wconf 83' lang='lat' dir='ltr'><strong>Virgilium</strong></span> <span class='ocrx_word' id='word_1_188' title='bbox 648 3482 755 3547; x_wconf 76' lang='lat' dir='ltr'><strong>adpelle·</strong></span> <span class='ocrx_word' id='word_1_189' title='bbox 771 3468 775 3489; x_wconf 74' lang='lat'><strong>¹</strong></span> <span class='ocrx_word' id='word_1_190' title='bbox 805 3482 922 3531; x_wconf 76' lang='lat' dir='ltr'><strong>AEmidoe.</strong></span> <span class='ocrx_word' id='word_1_191' title='bbox 939 3479 1026 3529; x_wconf 77' lang='lat' dir='ltr'><strong>lliodot</strong></span> <span class='ocrx_word' id='word_1_192' title='bbox 1034 3486 1104 3544; x_wconf 80' lang='lat' dir='ltr'><strong>putat</strong></span> <span class='ocrx_word' id='word_1_193' title='bbox 1114 3474 1234 3530; x_wconf 62' lang='lat' dir='ltr'><strong>Heintimr</strong></span> <span class='ocrx_word' id='word_1_194' title='bbox 1241 3474 1306 3539; x_wconf 67' lang='lat' dir='ltr'><strong>quod</strong></span> 
     </span>
     <span class='ocr_line' id='line_1_26' title="bbox 253 3550 1306 3622; baseline -0.001 -23"><span class='ocrx_word' id='word_1_195' title='bbox 253 3550 293 3607; x_wconf 85' lang='lat' dir='ltr'><strong>rit,</strong></span> <span class='ocrx_word' id='word_1_196' title='bbox 313 3560 387 3617; x_wconf 84' lang='lat' dir='ltr'><strong>atque</strong></span> <span class='ocrx_word' id='word_1_197' title='bbox 405 3551 465 3601; x_wconf 86' lang='lat' dir='ltr'><strong>adeo</strong></span> <span class='ocrx_word' id='word_1_198' title='bbox 482 3552 527 3619; x_wconf 80' lang='lat' dir='ltr'><strong>ipsi</strong></span> <span class='ocrx_word' id='word_1_199' title='bbox 546 3554 650 3604; x_wconf 79' lang='lat' dir='ltr'><strong>Homero</strong></span> <span class='ocrx_word' id='word_1_200' title='bbox 666 3564 754 3622; x_wconf 78' lang='lat' dir='ltr'><strong>praetu-</strong></span> <span class='ocrx_word' id='word_1_201' title='bbox 805 3555 850 3621; x_wconf 78' lang='lat' dir='ltr'><strong>ipsi</strong></span> <span class='ocrx_word' id='word_1_202' title='bbox 868 3556 908 3605; x_wconf 83' lang='lat' dir='ltr'><strong>vix</strong></span> <span class='ocrx_word' id='word_1_203' title='bbox 927 3553 1054 3604; x_wconf 68' lang='lat' dir='ltr'><strong>verisimile</strong></span> <span class='ocrx_word' id='word_1_204' title='bbox 1070 3550 1173 3607; x_wconf 82' lang='lat' dir='ltr'><strong>videtur,</strong></span> <span class='ocrx_word' id='word_1_205' title='bbox 1194 3557 1222 3598; x_wconf 93' lang='lat' dir='ltr'><strong>ut</strong></span> <span class='ocrx_word' id='word_1_206' title='bbox 1242 3565 1306 3599; x_wconf 88' lang='lat' dir='ltr'><strong>sum·</strong></span> 
     </span>
     <span class='ocr_line' id='line_1_27' title="bbox 253 3622 1307 3691; baseline 0.007 -18"><span class='ocrx_word' id='word_1_207' title='bbox 253 3623 317 3681; x_wconf 82' lang='lat' dir='ltr'><strong>larit,</strong></span> <span class='ocrx_word' id='word_1_208' title='bbox 336 3622 376 3677; x_wconf 80' lang='lat' dir='ltr'><strong>vix</strong></span> <span class='ocrx_word' id='word_1_209' title='bbox 398 3624 425 3674; x_wconf 90' lang='lat' dir='ltr'><strong>lit</strong></span> <span class='ocrx_word' id='word_1_210' title='bbox 443 3624 577 3676; x_wconf 81' lang='lat' dir='ltr'><strong>verisimile.</strong></span> <span class='ocrx_word' id='word_1_211' title='bbox 610 3627 677 3677; x_wconf 78' lang='lat' dir='ltr'><strong>Nam</strong></span> <span class='ocrx_word' id='word_1_212' title='bbox 697 3630 755 3679; x_wconf 81' lang='lat' dir='ltr'><strong>Pru·</strong></span> <span class='ocrx_word' id='word_1_213' title='bbox 804 3644 871 3678; x_wconf 83' lang='lat' dir='ltr'><strong>mum</strong></span> <span class='ocrx_word' id='word_1_214' title='bbox 885 3638 965 3679; x_wconf 76' lang='lat' dir='ltr'><strong>vatem</strong></span> <span class='ocrx_word' id='word_1_215' title='bbox 975 3625 1104 3691; x_wconf 77' lang='lat' dir='ltr'><strong>Virgilium</strong></span> <span class='ocrx_word' id='word_1_216' title='bbox 1120 3622 1307 3689; x_wconf 61' lang='lat' dir='ltr'><strong>adpelltrlbfll·</strong></span> 
     </span>
     <span class='ocr_line' id='line_1_28' title="bbox 253 3696 1307 3769; baseline -0.002 -22"><span class='ocrx_word' id='word_1_217' title='bbox 253 3698 389 3765; x_wconf 73' lang='lat' dir='ltr'><strong>pedianum</strong></span> <span class='ocrx_word' id='word_1_218' title='bbox 409 3699 480 3757; x_wconf 90' lang='lat' dir='ltr'><strong>illud,</strong></span> <span class='ocrx_word' id='word_1_219' title='bbox 503 3700 585 3750; x_wconf 75' lang='lat' dir='ltr'><strong>Nescio</strong></span> <span class='ocrx_word' id='word_1_220' title='bbox 605 3704 661 3767; x_wconf 74' lang='lat' dir='ltr'><strong>quid</strong></span> <span class='ocrx_word' id='word_1_221' title='bbox 681 3706 756 3767; x_wconf 71' lang='lat' dir='ltr'><strong>majia</strong></span> <span class='ocrx_word' id='word_1_222' title='bbox 805 3719 852 3769; x_wconf 80' lang='lat' dir='ltr'><strong>qus</strong></span> <span class='ocrx_word' id='word_1_223' title='bbox 862 3702 924 3752; x_wconf 88' lang='lat' dir='ltr'><strong>adeo</strong></span> <span class='ocrx_word' id='word_1_224' title='bbox 934 3701 979 3769; x_wconf 78' lang='lat' dir='ltr'><strong>ipsi</strong></span> <span class='ocrx_word' id='word_1_225' title='bbox 989 3700 1093 3749; x_wconf 83' lang='lat' dir='ltr'><strong>Homero</strong></span> <span class='ocrx_word' id='word_1_226' title='bbox 1102 3696 1246 3764; x_wconf 69' lang='lat' dir='ltr'><strong>protulerit:</strong></span> <span class='ocrx_word' id='word_1_227' title='bbox 1258 3713 1307 3762; x_wconf 86' lang='lat' dir='ltr'><strong>qua</strong></span> 
     </span>
     <span class='ocr_line' id='line_1_29' title="bbox 253 3770 1307 3841; baseline -0.005 -18"><span class='ocrx_word' id='word_1_228' title='bbox 253 3776 358 3823; x_wconf 73' lang='lat' dir='ltr'><strong>metiar</strong></span> <span class='ocrx_word' id='word_1_229' title='bbox 379 3773 463 3832; x_wconf 71' lang='lat' dir='ltr'><strong>Iliada,</strong></span> <span class='ocrx_word' id='word_1_230' title='bbox 483 3772 585 3825; x_wconf 77' lang='lat' dir='ltr'><strong>riremia</strong></span> <span class='ocrx_word' id='word_1_231' title='bbox 605 3775 684 3826; x_wconf 86' lang='lat' dir='ltr'><strong>adhuc</strong></span> <span class='ocrx_word' id='word_1_232' title='bbox 698 3776 754 3826; x_wconf 90' lang='lat' dir='ltr'><strong>Vir·</strong></span> <span class='ocrx_word' id='word_1_233' title='bbox 805 3777 904 3841; x_wconf 84' lang='lat' dir='ltr'><strong>quidem</strong></span> <span class='ocrx_word' id='word_1_234' title='bbox 922 3776 1013 3825; x_wconf 79' lang='lat' dir='ltr'><strong>ratione</strong></span> <span class='ocrx_word' id='word_1_235' title='bbox 1030 3772 1135 3822; x_wconf 86' lang='lat' dir='ltr'><strong>noudum</strong></span> <span class='ocrx_word' id='word_1_236' title='bbox 1154 3770 1262 3827; x_wconf 83' lang='lat' dir='ltr'><strong>ducerer,</strong></span> <span class='ocrx_word' id='word_1_237' title='bbox 1280 3780 1307 3820; x_wconf 89' lang='lat' dir='ltr'><strong>ut</strong></span> 
     </span>
     <span class='ocr_line' id='line_1_30' title="bbox 255 3844 1306 3914; baseline -0.002 -19"><span class='ocrx_word' id='word_1_238' title='bbox 255 3846 306 3912; x_wconf 82' lang='lat' dir='ltr'><strong>gilii</strong></span> <span class='ocrx_word' id='word_1_239' title='bbox 323 3846 418 3897; x_wconf 75' lang='lat' dir='ltr'><strong>auribus</strong></span> <span class='ocrx_word' id='word_1_240' title='bbox 434 3848 519 3898; x_wconf 79' lang='lat' dir='ltr'><strong>datum</strong></span> <span class='ocrx_word' id='word_1_241' title='bbox 536 3858 582 3899; x_wconf 82' lang='lat' dir='ltr'><strong>est.</strong></span> <span class='ocrx_word' id='word_1_242' title='bbox 614 3849 711 3900; x_wconf 76' lang='lat' dir='ltr'><strong>Deinde</strong></span> <span class='ocrx_word' id='word_1_243' title='bbox 726 3853 755 3901; x_wconf 73' lang='lat' dir='ltr'><strong>rb</strong></span> <span class='ocrx_word' id='word_1_244' title='bbox 806 3850 956 3914; x_wconf 76' lang='lat' dir='ltr'><strong>emrigerem.</strong></span> <span class='ocrx_word' id='word_1_245' title='bbox 988 3849 1166 3897; x_wconf 68' lang='lat' dir='ltr'><strong>Nummum</strong></span> <span class='ocrx_word' id='word_1_246' title='bbox 1179 3844 1306 3895; x_wconf 70' lang='lat' dir='ltr'><strong>idemene</strong></span> 
     </span>
     <span class='ocr_line' id='line_1_31' title="bbox 254 3918 1307 3991; baseline -0.001 -22"><span class='ocrx_word' id='word_1_247' title='bbox 254 3921 371 3980; x_wconf 75' lang='lat' dir='ltr'><strong>AEaaidor,</strong></span> <span class='ocrx_word' id='word_1_248' title='bbox 379 3922 484 3971; x_wconf 84' lang='lat' dir='ltr'><strong>secunda</strong></span> <span class='ocrx_word' id='word_1_249' title='bbox 491 3923 756 3991; x_wconf 77' lang='lat' dir='ltr'><strong>syllabaeorrepta‚vix</strong></span> <span class='ocrx_word' id='word_1_250' title='bbox 805 3933 891 3991; x_wconf 81' lang='lat' dir='ltr'><strong>potest.</strong></span> <span class='ocrx_word' id='word_1_251' title='bbox 911 3940 940 3973; x_wconf 79' lang='lat' dir='ltr'><strong>ac</strong></span> <span class='ocrx_word' id='word_1_252' title='bbox 960 3922 1030 3973; x_wconf 79' lang='lat' dir='ltr'><strong>valde</strong></span> <span class='ocrx_word' id='word_1_253' title='bbox 1046 3922 1131 3978; x_wconf 63' lang='lat' dir='ltr'><strong>buuua</strong></span> <span class='ocrx_word' id='word_1_254' title='bbox 1149 3918 1259 3977; x_wconf 79' lang='lat' dir='ltr'><strong>eximius,</strong></span> <span class='ocrx_word' id='word_1_255' title='bbox 1279 3928 1307 3969; x_wconf 83' lang='lat' dir='ltr'><strong>ut</strong></span> 
     </span>
     <span class='ocr_line' id='line_1_32' title="bbox 255 3992 1306 4064; baseline -0.002 -21"><span class='ocrx_word' id='word_1_256' title='bbox 255 3994 303 4059; x_wconf 80' lang='lat' dir='ltr'><strong>legi</strong></span> <span class='ocrx_word' id='word_1_257' title='bbox 322 3995 386 4061; x_wconf 79' lang='lat' dir='ltr'><strong>apud</strong></span> <span class='ocrx_word' id='word_1_258' title='bbox 406 3996 473 4055; x_wconf 84' lang='lat' dir='ltr'><strong>alios,</strong></span> <span class='ocrx_word' id='word_1_259' title='bbox 492 3996 537 4048; x_wconf 87' lang='lat' dir='ltr'><strong>nisi</strong></span> <span class='ocrx_word' id='word_1_260' title='bbox 556 3999 621 4064; x_wconf 88' lang='lat' dir='ltr'><strong>quod</strong></span> <span class='ocrx_word' id='word_1_261' title='bbox 640 3999 666 4048; x_wconf 87' lang='lat' dir='ltr'><strong>in</strong></span> <span class='ocrx_word' id='word_1_262' title='bbox 682 3999 755 4049; x_wconf 79' lang='lat' dir='ltr'><strong>reteri</strong></span> <span class='ocrx_word' id='word_1_263' title='bbox 806 3998 855 4047; x_wconf 86' lang='lat' dir='ltr'><strong>alia</strong></span> <span class='ocrx_word' id='word_1_264' title='bbox 875 3994 1063 4063; x_wconf 67' lang='lat' dir='ltr'><strong>pretermittam,</strong></span> <span class='ocrx_word' id='word_1_265' title='bbox 1084 4009 1138 4059; x_wconf 67' lang='lat' dir='ltr'><strong>que</strong></span> <span class='ocrx_word' id='word_1_266' title='bbox 1159 3992 1185 4041; x_wconf 84' lang='lat' dir='ltr'><strong>iu</strong></span> <span class='ocrx_word' id='word_1_267' title='bbox 1210 4001 1306 4059; x_wconf 87' lang='lat' dir='ltr'><strong>promtu</strong></span> 
     </span>
     <span class='ocr_line' id='line_1_33' title="bbox 254 4066 1306 4143; baseline -0.004 -26"><span class='ocrx_word' id='word_1_268' title='bbox 254 4068 423 4133; x_wconf 75' lang='lat' dir='ltr'><strong>epigrammata</strong></span> <span class='ocrx_word' id='word_1_269' title='bbox 440 4070 548 4143; x_wconf 74' lang='lat' dir='ltr'><strong>Maronis</strong></span> <span class='ocrx_word' id='word_1_270' title='bbox 568 4071 680 4121; x_wconf 79' lang='lat' dir='ltr'><strong>laudibus</strong></span> <span class='ocrx_word' id='word_1_271' title='bbox 699 4072 756 4123; x_wconf 83' lang='lat' dir='ltr'><strong>datu</strong></span> <span class='ocrx_word' id='word_1_272' title='bbox 805 4084 870 4129; x_wconf 78' lang='lat' dir='ltr'><strong>nunt,</strong></span> <span class='ocrx_word' id='word_1_273' title='bbox 883 4078 1032 4135; x_wconf 76' lang='lat' dir='ltr'><strong>mgumeuta.</strong></span> <span class='ocrx_word' id='word_1_274' title='bbox 1059 4068 1236 4117; x_wconf 81' lang='lat' dir='ltr'><strong>Alteraautem</strong></span> <span class='ocrx_word' id='word_1_275' title='bbox 1246 4066 1306 4115; x_wconf 76' lang='lat' dir='ltr'><strong>ratio</strong></span> 
     </span>
     <span class='ocr_line' id='line_1_34' title="bbox 254 4140 1306 4213; baseline -0.001 -22"><span class='ocrx_word' id='word_1_276' title='bbox 254 4141 329 4191; x_wconf 84' lang='lat' dir='ltr'><strong>codex</strong></span> <span class='ocrx_word' id='word_1_277' title='bbox 354 4142 533 4209; x_wconf 73' lang='lat' dir='ltr'><strong>antiquissimus</strong></span> <span class='ocrx_word' id='word_1_278' title='bbox 560 4145 658 4196; x_wconf 83' lang='lat' dir='ltr'><strong>exhibet</strong></span> <span class='ocrx_word' id='word_1_279' title='bbox 682 4145 755 4213; x_wconf 84' lang='lat' dir='ltr'><strong>scrip·</strong></span> <span class='ocrx_word' id='word_1_280' title='bbox 806 4145 898 4211; x_wconf 78' lang='lat' dir='ltr'><strong>gravior</strong></span> <span class='ocrx_word' id='word_1_281' title='bbox 911 4154 957 4202; x_wconf 80' lang='lat' dir='ltr'><strong>ast,</strong></span> <span class='ocrx_word' id='word_1_282' title='bbox 967 4144 1190 4210; x_wconf 62' lang='lat' dir='ltr'><strong>quarumnam,</strong></span> <span class='ocrx_word' id='word_1_283' title='bbox 1201 4140 1306 4190; x_wconf 73' lang='lat' dir='ltr'><strong>cacumin</strong></span> 
     </span>
     <span class='ocr_line' id='line_1_35' title="bbox 257 4214 1305 4284; baseline -0.003 -20"><span class='ocrx_word' id='word_1_284' title='bbox 257 4224 322 4265; x_wconf 85' lang='lat' dir='ltr'><strong>tum:</strong></span> <span class='ocrx_word' id='word_1_285' title='bbox 806 4219 900 4283; x_wconf 77' lang='lat' dir='ltr'><strong>syllaba</strong></span> <span class='ocrx_word' id='word_1_286' title='bbox 927 4227 1042 4284; x_wconf 79' lang='lat' dir='ltr'><strong>correpta,</strong></span> <span class='ocrx_word' id='word_1_287' title='bbox 1064 4216 1104 4265; x_wconf 80' lang='lat' dir='ltr'><strong>vix</strong></span> <span class='ocrx_word' id='word_1_288' title='bbox 1131 4215 1218 4280; x_wconf 75' lang='lat' dir='ltr'><strong>legitur</strong></span> <span class='ocrx_word' id='word_1_289' title='bbox 1240 4214 1305 4279; x_wconf 86' lang='lat' dir='ltr'><strong>apud</strong></span> 
     </span>
    </p>

    <p class='ocr_par' dir='ltr' id='par_1_13' title="bbox 287 4284 1354 4359">
     <span class='ocr_line' id='line_1_36' title="bbox 287 4284 1354 4359; baseline -0.004 -20"><span class='ocrx_word' id='word_1_290' title='bbox 287 4292 448 4355; x_wconf 73' lang='lat' dir='ltr'><strong>AEaeiquoa</strong></span> <span class='ocrx_word' id='word_1_291' title='bbox 464 4310 529 4343; x_wconf 78' lang='lat' dir='ltr'><strong>auom</strong></span> <span class='ocrx_word' id='word_1_292' title='bbox 541 4294 588 4359; x_wconf 84' lang='lat' dir='ltr'><strong>sac</strong></span> <span class='ocrx_word' id='word_1_293' title='bbox 603 4297 676 4357; x_wconf 77' lang='lat' dir='ltr'><strong>major</strong></span> <span class='ocrx_word' id='word_1_294' title='bbox 693 4312 755 4345; x_wconf 68' lang='grc' dir='ltr'><strong>παπ-</strong></span> <span class='ocrx_word' id='word_1_295' title='bbox 805 4293 872 4351; x_wconf 88' lang='lat' dir='ltr'><strong>alios,</strong></span> <span class='ocrx_word' id='word_1_296' title='bbox 884 4287 1232 4359; x_wconf 78' lang='lat' dir='ltr'><strong>quamquamiuepigr.veteri</strong></span> <span class='ocrx_word' id='word_1_297' title='bbox 1244 4302 1303 4352; x_wconf 88' lang='lat' dir='ltr'><strong>quo·</strong></span> <span class='ocrx_word' id='word_1_298' title='bbox 1350 4284 1354 4291; x_wconf 81' lang='lat'>&#39;</span> 
     </span>
    </p>

    <p class='ocr_par' dir='ltr' id='par_1_14' title="bbox 321 4360 1306 4581">
     <span class='ocr_line' id='line_1_37' title="bbox 351 4360 1306 4429; baseline -0.004 -16"><span class='ocrx_word' id='word_1_299' title='bbox 351 4367 490 4415; x_wconf 64' lang='lat' dir='ltr'><strong>mosomi:</strong></span> <span class='ocrx_word' id='word_1_300' title='bbox 805 4366 861 4416; x_wconf 89' lang='lat' dir='ltr'><strong>dam</strong></span> <span class='ocrx_word' id='word_1_301' title='bbox 893 4366 968 4417; x_wconf 82' lang='lat' dir='ltr'><strong>codex</strong></span> <span class='ocrx_word' id='word_1_302' title='bbox 1001 4362 1181 4429; x_wconf 82' lang='lat' dir='ltr'><strong>antiquissimus</strong></span> <span class='ocrx_word' id='word_1_303' title='bbox 1208 4360 1306 4411; x_wconf 83' lang='lat' dir='ltr'><strong>exbibet</strong></span> 
     </span>
     <span class='ocr_line' id='line_1_38' title="bbox 321 4440 1069 4512; baseline -0.001 -24"><span class='ocrx_word' id='word_1_304' title='bbox 321 4440 620 4510; x_wconf 77' lang='lat' dir='ltr'><strong>Factoudsrltolun,suc</strong></span> <span class='ocrx_word' id='word_1_305' title='bbox 637 4446 756 4512; x_wconf 81' lang='lat' dir='ltr'><strong>tuusacta</strong></span> <span class='ocrx_word' id='word_1_306' title='bbox 781 4440 927 4507; x_wconf 84' lang='lat' dir='ltr'><strong>·rcriptum.</strong></span> <span class='ocrx_word' id='word_1_307' title='bbox 954 4442 1069 4490; x_wconf 70' lang='lat' dir='ltr'><strong>Hamas.</strong></span> 
     </span>
     <span class='ocr_line' id='line_1_39' title="bbox 354 4510 1305 4581; baseline -0.013 -10"><span class='ocrx_word' id='word_1_308' title='bbox 354 4517 417 4581; x_wconf 77' lang='lat' dir='ltr'><strong>legi,·</strong></span> <span class='ocrx_word' id='word_1_309' title='bbox 838 4516 878 4567; x_wconf 73' lang='lat'><strong>³6.</strong></span> <span class='ocrx_word' id='word_1_310' title='bbox 907 4516 973 4564; x_wconf 78' lang='lat' dir='ltr'><strong>Botis</strong></span> <span class='ocrx_word' id='word_1_311' title='bbox 996 4513 1145 4577; x_wconf 63' lang='lat' dir='ltr'><strong>ripariae]</strong></span> <span class='ocrx_word' id='word_1_312' title='bbox 1170 4510 1305 4577; x_wconf 79' lang='lat' dir='ltr'><strong>Imparibua</strong></span> 
     </span>
    </p>

    <p class='ocr_par' dir='ltr' id='par_1_15' title="bbox 256 4590 922 4657">
     <span class='ocr_line' id='line_1_40' title="bbox 256 4590 922 4657; baseline 0.003 -20"><span class='ocrx_word' id='word_1_313' title='bbox 256 4602 330 4652; x_wconf 84' lang='lat' dir='ltr'><strong>quum</strong></span> <span class='ocrx_word' id='word_1_314' title='bbox 341 4590 480 4653; x_wconf 75' lang='lat' dir='ltr'><strong>AEneamqur</strong></span> <span class='ocrx_word' id='word_1_315' title='bbox 490 4606 557 4639; x_wconf 72' lang='lat' dir='ltr'><strong>tuum</strong></span> <span class='ocrx_word' id='word_1_316' title='bbox 568 4591 704 4657; x_wconf 71' lang='lat' dir='ltr'><strong>invulgati·</strong></span> <span class='ocrx_word' id='word_1_317' title='bbox 714 4608 755 4643; x_wconf 81' lang='lat' dir='ltr'><strong>ea·</strong></span> <span class='ocrx_word' id='word_1_318' title='bbox 805 4590 922 4657; x_wconf 67' lang='lat' dir='ltr'><strong>renibus.</strong></span> 
     </span>
    </p>

    <p class='ocr_par' dir='ltr' id='par_1_16' title="bbox 288 4660 956 4721">
     <span class='ocr_line' id='line_1_41' title="bbox 288 4660 956 4721; baseline 0.006 -12"><span class='ocrx_word' id='word_1_319' title='bbox 288 4660 410 4721; x_wconf 70' lang='lat' dir='ltr'><strong>VOLIL</strong></span> <span class='ocrx_word' id='word_1_320' title='bbox 904 4665 928 4713; x_wconf 87' lang='lat' dir='ltr'><strong>ll</strong></span> <span class='ocrx_word' id='word_1_321' title='bbox 940 4683 956 4714; x_wconf 86' lang='lat' dir='ltr'><strong>rr</strong></span> 
     </span>
    </p>
   </div>
   <div class='ocr_carea' id='block_1_4' title="bbox 0 0 1810 5967">
    <p class='ocr_par' dir='ltr' id='par_1_17' title="bbox 0 0 1810 5967">
     <span class='ocr_line' id='line_1_42' title="bbox 0 0 1810 5967; baseline 0 0"><span class='ocrx_word' id='word_1_322' title='bbox 0 0 1810 5967; x_wconf 95' lang='lat' dir='ltr'><strong> </strong></span> 
     </span>
    </p>
   </div>
  </div>
 </body>
</html>
