3609 5967
444 762 514 827 EX
538 760 699 828 ΡΟΝΤΟ
724 758 815 824 LlB.
840 758 869 823 Ι.
894 758 1041 825 EPIST.
1067 760 1135 826 111.
1246 763 1315 828 367

266 934 424 1010 Adferat
441 935 523 1034 ipse
540 934 630 1008 licet
647 956 774 1007 sacras
792 931 1022 1031 Epidaurius
1041 933 1190 1021 herbas,

317 1052 474 1126 Sanabit
491 1051 595 1124 nulla
611 1051 766 1125 vulnera
783 1049 908 1124 cordis
926 1073 1012 1147 ope.

264 1166 411 1241 Tollere
427 1168 607 1241 nodosam
625 1168 747 1241 nescit
763 1166 952 1240 medicina
969 1166 1189 1264 podagram,

316 1283 352 1355 N
355 1308 399 1357 ec
417 1283 626 1357 formidatis
644 1282 847 1357 auxiliatur
864 1282 986 1378 aquis.

265 1397 369 1472 Cura
382 1423 536 1497 quoqne
554 1400 742 1474 interdum
761 1399 864 1473 nulla
880 1396 1114 1471 medicabilis
1132 1406 1233 1487 arte3
1263 1403 1312 1474 25

315 1513 407 1600 Aut,
426 1525 469 1589 ut
486 1514 547 1600 sit,
567 1515 680 1612 longa
696 1527 756 1590 est
773 1514 1015 1589 extenuanda
1032 1538 1147 1587 mora.

265 1629 394 1714 Quom
404 1631 502 1704 bene
516 1629 711 1705 firmarunt
726 1632 891 1705 animum
906 1642 1096 1730 praecepta
1108 1633 1312 1729 jacentem,

318 1745 529 1843 Sumtaque
547 1757 636 1820 sunt
654 1743 762 1821 nobis
781 1747 945 1845 pectoris
963 1771 1067 1821 anna
1084 1748 1160 1837 tui;

266 1858 414 1933 Rursus
432 1884 536 1934 amor
553 1861 696 1959 patrie,
716 1862 860 1937 ratione
877 1864 1060 1938 valentior
1076 1862 1191 1950 omui,

316 1974 428 2060 Quod
445 1988 511 2050 tua
528 1988 730 2052 texuerunt
748 1979 900 2077 scripta,
920 1980 1058 2054 retexit
1075 2004 1184 2079 opus,
1263 1985 1313 2055 30

265 2089 354 2164 Sive
372 2092 477 2190 pium
492 2092 549 2166 vis
568 2093 651 2180 hoc,
671 2095 749 2167 sive
767 2094 838 2168 hoc
856 2096 1040 2170 muliebre
1058 2096 1196 2185 vocari,

317 2206 510 2282 Confiteor
526 2210 663 2285 misero
681 2211 793 2286 molle
811 2235 877 2285 cor
893 2235 979 2285 esse
996 2210 1101 2284 mihi.

267 2319 303 2393 N
305 2346 354 2395 on
371 2323 488 2398 dubia
504 2334 565 2398 est
583 2323 706 2399 Ithaci
720 2326 942 2423 prudentia3
965 2326 1032 2400 scd
1049 2337 1177 2401 tamen
1191 2336 1296 2426 optut

316 2437 477 2512 Fumum
494 2441 543 2514 de
561 2440 692 2538 patriis
710 2465 822 2539 posse
839 2440 967 2514 videre
985 2440 1093 2514 focis.

267 2551 408 2628 Nescio
427 2578 505 2652 qua
521 2556 645 2630 natale
663 2556 784 2630 solum
802 2557 1005 2632 dulcedine
1022 2567 1155 2656 captos
1263 2563 1313 2633 35

317 2669 447 2758 Ducit,
467 2684 507 2746 et
524 2674 761 2749 immemores
777 2697 854 2748 non
872 2675 962 2747 sinit
978 2697 1063 2748 esse
1078 2673 1149 2748 sui.

266 2785 369 2870 Quid
387 2789 522 2863 melius
541 2788 692 2865 Romal
738 2791 922 2889 Scythico
941 2788 1034 2888 quid
1051 2791 1160 2864 litore
1177 2792 1313 2889 pejus?

316 2901 402 2977 Huc
420 2915 548 2979 tamen
566 2929 615 2980 ex
633 2906 697 2980 illa
714 2908 899 2981 barbarus
916 2907 1009 2981 urbe
1025 2906 1133 3003 fugit.

265 3015 392 3101 Quum
411 3022 508 3095 bene
525 3022 576 3097 sit
593 3024 731 3097 clausae
749 3048 865 3098 cavea
883 3022 1082 3098 Pandione
1099 3032 1210 3110 natae,

318 3132 461 3209 Nititur
478 3137 515 3210 in
534 3139 647 3212 silvas
666 3139 731 3214 illa
746 3139 868 3215 redire
886 3164 987 3213 suas.
1263 3142 1313 3212 40

296 3335 338 3382 21.
356 3335 521 3400 Epidaurius]
541 3338 703 3406 AEsculapius,
722 3339 763 3405 qui
846 3340 886 3386 28.
899 3339 1003 3387 Pectoris
1012 3336 1097 3400 arnam]
1116 3335 1245 3387 Consiliuo
1259 3353 1315 3404 pee-

263 3405 289 3455 io
298 3408 419 3475 Epidauro
429 3409 526 3459 civitute
536 3412 666 3462 colebatur.
813 3421 863 3461 tore
880 3422 921 3461 tuo
937 3412 1051 3477 prolecta,
1062 3411 1149 3476 quibus
1165 3426 1202 3459 me
1217 3411 1314 3461 obsrmo

296 3483 336 3531 23.
348 3482 482 3548 Nodum]
495 3485 764 3549 Metouymiuell'cctus.
812 3494 895 3536 coutrs
905 3501 1032 3534 moerorum
1042 3499 1143 3532 morsus.
1170 3485 1248 3532 Pons.

267 3555 376 3619 Podugro
386 3557 459 3615 euim.
470 3558 510 3608 ubi
525 3558 677 3615 inveteravit,
690 3561 764 3610 nodos
846 3561 886 3608 ³0.
898 3560 964 3613 oum
975 3570 1024 3614 tuo,
1035 3558 1094 3621 dic]
1113 3557 1185 3614 Quod
1195 3566 1221 3607 tu
1233 3558 1263 3608 ad
1275 3573 1312 3607 me

264 3630 379 3693 quosdam
399 3632 424 3680 iu
442 3632 549 3681 articulis
566 3631 647 3690 efficit,
665 3649 694 3683 ac
713 3643 763 3683 tum
813 3632 936 3699 scripsisti.
963 3633 1062 3681 Retesit
1081 3631 1196 3680 Destruit.
1220 3631 1312 3682 Velre·

264 3704 401 3755 iucurubilis
412 3705 519 3756 habetur.
546 3707 659 3758 Hsuuus.
813 3717 930 3756 vocaturo
941 3707 972 3755 ad
982 3705 1191 3761 moerorem‚uode
1202 3721 1240 3754 me
1251 3706 1313 3771 epis·

296 3780 337 3826 24.
349 3779 508 3828 Fomidondis
522 3781 610 3830 Mureti
624 3789 649 3830 ct
663 3791 763 3846 quatuor
812 3782 862 3830 tolu
880 3790 921 3830 tua
937 3789 1062 3830 avocaret:
1081 3777 1128 3836 vel,
1139 3778 1249 3828 obliterat
1262 3796 1312 3829 mo·

264 3852 314 3902 ulii.
347 3852 424 3903 Recte
437 3864 517 3904 autem
536 3854 721 3920 hydrophobium
732 3871 761 3905 cx
813 3856 871 3905 nitu
901 3856 982 3906 Posi.
998 3856 1070 3904 Meu.

263 3928 332 3977 cuuis
352 3928 428 3977 rubidi
447 3945 533 3986 morsu,
556 3930 621 3980 unde
642 3931 719 3979 rabies
737 3939 763 3980 st
845 3932 888 3980 33.
904 3930 1001 3978 Famam
1017 3932 1046 3979 ds
1060 3932 1145 3992 patriis
1153 3929 1238 3995 jocis]
1262 3932 1312 3981 Ho-

262 4011 329 4051 certa
346 4017 408 4050 mors
420 4003 535 4067 sequitur,
545 4003 658 4068 intelligit
668 4004 764 4053 Merula
813 4004 965 4070 ruer.0dyss.
973 4006 1115 4054 A.ver..'>7:

263 4084 289 4124 et
303 4076 465 4125 Benmnuus
478 4093 507 4125 ex
525 4077 669 4135 liuterich,
680 4077 734 4126 libr.
742 4078 761 4126 i.
990 4079 1070 4142 αὐτὰρ
1080 4076 1212 4137 Ὀδυσσεὺς

264 4166 313 4199 rur.
327 4153 352 4199 2.
374 4151 417 4215 qui
437 4152 546 4201 morbum
564 4151 627 4201 bunc
647 4151 704 4201 olim
724 4153 761 4200 iu·
842 4151 1311 4218 ‘remmaeatxaxvavtroapouwra

264 4224 385 4288 cognitum
401 4241 477 4291 nuper
491 4226 588 4275 demum
599 4226 680 4275 Ovidii
689 4236 762 4276 utute
875 4230 967 4287 νοῆσαι

264 4298 408 4364 adparuisse,
428 4316 505 4365 neque
522 4300 599 4350 udbuc
616 4300 667 4367 ejus
684 4301 762 4351 medi·
838 4297 886 4359 Ἠς
896 4300 980 4366 γαίης,
989 4298 1087 4349 θανέειν
1097 4297 1219 4363 ἱμείρω.

263 4371 344 4421 cioaru
357 4372 478 4422 iuventam
491 4373 562 4425 luisse
577 4375 655 4425 docet.
678 4377 761 4426 Burm.
845 4375 997 4439 37.Sc9tbico
1004 4371 1250 4437 qoidfn'gorepejus]
1261 4371 1310 4420 No·

265 4447 379 4496 iltutus.
813 4448 875 4498 mins
885 4446 984 4512 trigoris,
995 4444 1076 4494 omnis
1083 4444 1147 4492 illius
1157 4444 1263 4493 turbare
1275 4461 1312 4494 re-

296 4522 338 4568 22.
359 4521 501 4585 Proetum]
536 4522 650 4573 Rationes
675 4524 764 4590 quibus
812 4515 1224 4587 giouisiocoruuroducosuplcctitur.
1234 4518 1312 4568 Posr.

263 4593 539 4644 usoscsiulitcristuis.
845 4595 888 4644 ³9.
899 4595 1018 4642 Pandion
1028 4591 1110 4656 natm]
1124 4592 1159 4640 Ex
1171 4590 1312 4643 Aldiuuilla
