3609 5967
439 746 482 811 eo
728 712 767 804 ΡΖ
791 734 952 804 ovrnu
976 732 1188 800 unsours

440 918 542 992 Saxa
557 914 731 1013 ferasque
749 914 833 1012 lyra
851 910 967 985 movit
981 908 1227 1005 Rhodopeius
1245 908 1435 1006 Orpheus,

488 1032 760 1128 Tartareosque
777 1031 895 1115 lacus,
915 1026 1240 1124 tergeminumque
1257 1048 1401 1100 canem.

441 1150 543 1223 Saxa
560 1158 624 1221 tuo
641 1157 766 1231 cantu,
781 1145 926 1219 vindex'
934 1142 1144 1241 justissime
1162 1141 1306 1227 matris,

489 1264 674 1338 Fecerunt
690 1285 814 1335 muros
831 1259 996 1333 officiosa
1012 1281 1152 1331 novos..

440 1379 618 1466 Quamvis
635 1389 763 1452 mutus
778 1387 868 1463 erat,
886 1376 969 1449 voci
987 1373 1123 1448 favisse
1140 1383 1296 1471 putatur
1390 1378 1477 1478 ὁ325

490 1491 625 1581 Piscis,
645 1494 807 1567 Arioniae
825 1492 951 1567 fabula
967 1503 1057 1565 nota
1073 1491 1177 1588 lyrae.

443 1610 558 1685 Disce
575 1610 688 1684 etiam
705 1608 846 1706 duplici
865 1608 1027 1703 genialia
1043 1605 1170 1680 naulia
1187 1605 1313 1703 palma

491 1726 665 1800 Verrere:
694 1723 922 1798 conveniunt
938 1722 1111 1796 dulcibus
1129 1720 1194 1794 illa
1205 1720 1315 1817 jocis.

445 1842 504 1916 Sit
520 1842 587 1916 tibi
606 1841 842 1927 Callimachi,
861 1842 912 1913 sit
929 1839 1001 1913 Coi
1018 1848 1109 1911 n'ota
1124 1838 1258 1935 po'etae,

494 1957 553 2031 Sit
569 1981 720 2055 quoque
737 1956 856 2029 vinosi
873 1954 966 2029 Teia
983 1952 1097 2050 Musa
1114 1952 1227 2026 senis.
1407 1956 1480 2024 330

444 2073 479 2146 N
483 2084 546 2147 ota
562 2074 612 2148 sit
626 2084 667 2147 et
686 2074 860 2172 Sappho:
891 2072 984 2169 quid
1002 2071 1102 2145 enim
1120 2070 1294 2143 lascivius
1313 2069 1400 2141 illa?

493 2190 612 2264 Cuive
629 2199 735 2288 pater
751 2188 842 2262 vafri
860 2188 1000 2261 luditur
1018 2198 1097 2261 arte
1117 2186 1239 2259 Getae.

446 2304 497 2378 Et
512 2305 631 2380 teneri
648 2305 770 2403 possis
787 2328 937 2379 cannen
955 2302 1091 2397 legisse
1109 2300 1300 2399 Properti:

497 2420 584 2495 Sive
601 2419 743 2517 aliquid
762 2420 875 2505 Galli,
895 2418 985 2505 sive,
1004 2416 1164 2503 Tibulle,
1185 2427 1301 2490 tuum.

446 2536 636 2633 Dictaque
652 2536 810 2610 Varroni
826 2535 935 2609 fulvis
953 2534 1115 2630 insignia
1127 2532 1226 2605 villis
1408 2536 1481 2604 335

495 2652 656 2738 Vellera,
676 2676 873 2747 germanae,
892 2650 1060 2749 Phryxe,
1080 2649 1273 2747 querenda
1289 2659 1375 2721 tuae.

447 2765 497 2840 Et
515 2767 710 2866 profugum
729 2766 885 2853 AEnean,
905 2768 991 2841 altae
1008 2766 1210 2866 primordia
1228 2766 1375 2851 Romae3

495 2882 580 2967 Quo
597 2884 739 2957 nullum
759 2883 866 2957 Latio
883 2882 1020 2957 clarius
1038 2892 1144 2957 extat
1161 2907 1267 2980 opus

449 2998 617 3071 Forsitan
636 3010 675 3072 et
692 3010 861 3073 nostrum
880 3024 1015 3074 nomen
1032 2998 1249 3073 miscebitur
1266 2996 1365 3082 istis3

498 3111 581 3187 Nec
599 3137 683 3187 mee
700 3112 863 3188 Letbaeis
881 3114 1023 3213 scripta
1039 3115 1227 3188 dabuntur
1243 3113 1364 3210 aquis.
1410 3115 1483 3183 340
1533 3112 1542 3125 ’

479 3462 534 3510 323.
552 3462 611 3510 Sum
621 3472 660 3511 tuo
675 3474 755 3519 contu,
766 3466 846 3512 uindex
854 3468 939 3527 justis·
989 3466 1094 3531 Scaliger
1102 3467 1128 3516 in
1138 3482 1179 3515 ora
1195 3466 1232 3514 sui
1248 3464 1337 3514 codicis
1352 3465 1484 3529 conjecerat

445 3540 497 3584 sirus
513 3539 601 3593 meris,
612 3537 672 3600 bro]
692 3538 730 3586 De
740 3537 872 3603 Amphione
890 3540 940 3604 agi·
989 3541 1124 3605 legendum.
1140 3540 1259 3589 ineodem
1266 3540 1356 3587 naun.
1373 3538 1483 3586 sednnu

445 3622 491 3668 tur,
499 3611 618 3661 Thebane
629 3612 689 3661 arcis
699 3611 826 3670 conditore,
837 3614 878 3678 qui
888 3613 940 3663 An·
990 3616 1031 3669 lia,
1047 3613 1146 3671 ναΰλια,
1162 3614 1314 3679 probnmest.
1330 3628 1384 3676 qum
1401 3610 1483 3674 νάβλα

445 3685 533 3751 tiopem
543 3695 643 3735 matrem
656 3685 750 3751 egregie
768 3686 831 3736 ultus
840 3688 939 3745 ested-
990 3687 1054 3753 apud
1084 3688 1190 3737 Suidam.
1219 3686 1272 3736 ride
1303 3694 1329 3735 et
1354 3685 1483 3735 Pollucem.

445 3760 518 3824 ligata
530 3759 612 3818 Dirce,
625 3776 678 3827 qum
694 3760 760 3809 illam
770 3760 812 3809 diu
826 3761 940 3810 multum·
991 3760 1081 3810 Herus.

446 3848 492 3895 que
506 3842 640 3891 vexaverat,
657 3842 776 3883 taurorum
793 3835 941 3899 sylvestrium
1022 3836 1079 3883 330,
1107 3835 1163 3882 Te'r'c
1179 3832 1262 3895 mura]
1285 3832 1346 3881 'l'eos
1364 3832 1484 3898 Oppidum

446 3904 538 3954 caudis.
573 3906 635 3957 Rem
652 3906 716 3957 varie
738 3916 834 3957 narrant
852 3910 942 3973 Hygia.
991 3908 1413 3967 Ioniae,abAthumenteconditum.
1434 3908 1484 3955 Μι-

447 3978 524 4028 Fabb.
536 3981 560 4038 7,
569 3982 593 4029 8.
606 3984 664 4042 155;
682 3992 706 4033 et
719 3983 821 4032 Pausan.
833 3983 941 4032 Corinth.
991 3999 1048 4031 err..

447 4051 480 4101 vi.
490 4063 515 4103 et
526 4054 617 4105 Boetic.
627 4055 685 4105 xvii.
719 4057 806 4105 Ausa.
1024 4059 1081 4107 332.
1098 4056 1170 4104 Ceios
1186 4056 1275 4120 poten]
1297 4056 1433 4104 Terentium
1449 4055 1486 4102 in-

480 4128 537 4177 327.
560 4129 667 4179 Genialin
680 4133 760 4179 anulio
777 4131 874 4194 palere]
901 4132 941 4180 De
992 4129 1310 4196 telliguntinterpretes,red
1326 4130 1484 4193 egoMenun·

448 4201 543 4259 uebliis,
555 4210 580 4251 et
590 4204 661 4268 quale
674 4203 853 4253 instrumentum
862 4204 886 4253 id
903 4204 943 4262 sit,
992 4203 1150 4253 drummelius
1157 4204 1249 4253 Grecis
1254 4203 1334 4252 Poetis
1339 4201 1408 4267 jungi
1419 4210 1486 4265 puto.

451 4276 593 4327 Politienum
611 4277 664 4327 vide
682 4278 787 4328 Miscell.
802 4280 839 4327 14.
855 4280 896 4344 qui
913 4280 942 4329 de
992 4287 1053 4327 utet
1069 4277 1110 4326 lib.
1120 4278 1226 4327 ii.-Trist.
1242 4279 1298 4327 ³69.
1329 4276 1421 4325 Grecis
1437 4275 1486 4323 lere

448 4350 492 4399 hoc
503 4351 555 4399 loco
565 4351 655 4416 prolixe
667 4354 783 4419 tractavit.
816 4354 911 4401 Mrcru.
992 4353 1075 4401 iisdem
1084 4352 1191 4402 additur:
1204 4351 1417 4403 ubietiemRome
1428 4366 1486 4414 pue-

480 4426 537 4475 ³28.
565 4424 674 4489 Vertere]
705 4426 799 4475 Verrem
824 4427 943 4491 eleganter
992 4426 1024 4475 ris
1044 4426 1219 4492 virginibusque
1240 4427 1288 4491 legi
1313 4427 1387 4475 solere
1409 4422 1487 4490 prodit

448 4497 539 4563 Regius
555 4509 580 4549 et
589 4501 770 4551 Arondelianus.
787 4501 903 4567 quomodo
919 4510 944 4550 et
993 4502 1079 4550 Noster
1091 4500 1175 4549 Poeta.
1210 4502 1299 4551 Buris.
