3609 5967
451 728 1178 850 rsrsrruunrs.1v'.nnno.v111.
1273 785 1339 852 sos
1406 778 1409 783 ·
1469 758 1480 773 “

289 951 340 1029 Et
356 977 508 1052 parvam
523 954 714 1028 celebrare
727 944 897 1041 domum,
911 942 1138 1053 veteresque
1156 940 1336 1047 Penates,

337 1066 388 1142 Et
404 1093 490 1167 quae
508 1093 608 1143 nunc
626 1068 778 1143 domino
796 1093 882 1144 rura
898 1083 1057 1169 paterna
1073 1084 1222 1149 carent:
1291 1081 1336 1149 lO

286 1181 407 1280 Inque
424 1184 509 1257 sinu
526 1184 701 1272 dominae,
720 1186 895 1284 carisque
914 1187 1131 1286 nepotibus,
1150 1188 1267 1287 inque

337 1298 503 1374 Securus
520 1300 643 1399 patria
658 1301 906 1376 consenuisse
923 1326 1020 1377 mea.

287 1410 379 1487 Haec
397 1438 483 1489 mea
500 1416 555 1490 sic
574 1417 768 1513 quondam
786 1418 917 1517 peragi
935 1427 1152 1517 speraverat
1169 1427 1283 1507 oetas3

328 1526 420 1604 «Hos
439 1554 511 1628 ego
528 1531 584 1607 sic
603 1557 721 1607 annos
739 1535 903 1609 condere
921 1534 1059 1631 dignus
1078 1557 1192 1607 eram.

287 1642 376 1718 Non
393 1646 447 1720 ita
464 1646 534 1720 Dis
551 1647 685 1736 visum,
700 1634 767 1745 qui
784 1673 845 1722 me
860 1659 1048 1746 terraque,
1063 1648 1234 1746 marique
1290 1651 1335 1722 15

335 1759 488 1850 Actum,
509 1762 728 1837 Sarmaticis
745 1786 956 1862 exposuere
974 1763 1081 1837 locis.

285 1872 331 1948 ln
349 1900 443 1951 cava
458 1877 648 1952 ducuntur
664 1902 814 1977 quassae
829 1881 976 1955 navalia
994 1902 1157 1979 puppes,

335 1990 395 2065 Ne
413 2002 555 2067 temere
572 1993 612 2066 in
629 1994 764 2068 mediis
781 1995 1037 2070 destituantur
1055 1993 1187 2092 aquis:

286 2104 346 2180 Ne
362 2109 486 2197 cadat,
505 2119 544 2182 et
560 2109 698 2184 multas
716 2112 862 2210 palmas
880 2111 1098 2184 inhonestet
1112 2110 1285 2207 adeptas,

335 2220 550 2319 Languidus
567 2222 606 2296 in
624 2226 741 2323 pratis
759 2226 930 2323 gramina
946 2225 1069 2324 carpit
1085 2247 1231 2323 equus:
1285 2229 1335 2297 20

286 2334 411 2423 Miles,
431 2347 473 2410 ut
490 2338 657 2413 emeritis
676 2351 826 2415 nonest
843 2340 936 2414 satis
954 2340 1056 2414 utilis
1076 2340 1196 2425 annis,

333 2440 447 2527 Ponit
464 2451 512 2527 ad
530 2453 721 2551 antiquos,
741 2479 826 2552 quae
845 2454 933 2529 tulit
950 2477 1067 2541 arma
1087 2453 1215 2528 Lares.

266 2751 271 2759 ‘
313 2751 339 2798 9.
367 2748 507 2814 celebrum]
534 2748 560 2799 b.
580 2766 604 2800 e.
624 2749 783 2816 frequentare,
833 2750 977 2818 quibusdum
988 2750 1061 2800 etism
1071 2748 1145 2799 murel
1156 2748 1227 2798 modo
1241 2749 1336 2798 usum.”

281 2822 395 2873 incolere.
428 2824 541 2872 Hssnss.
833 2825 913 2883 Adde,
924 2841 978 2891 qno
993 2839 1064 2891 supra
1079 2822 1114 2872 iii.
1128 2822 1350 2872 12.6.devocsb.·

317 2900 354 2947 10.
378 2897 446 2946 Rura
460 2898 579 2961 mimia]
602 2899 647 2946 blo
667 2899 709 2964 qui
729 2906 782 2949 sunt
832 2902 921 2949 rustico
932 2913 1077 2948 monueram.
1111 2897 1276 2946 Burmannurn
1292 2912 1335 2947 au·

281 2971 492 3021 dominuscorunr.
524 2971 598 3020 Erant
608 2981 688 3021 sutem
699 2971 724 3020 in
735 2972 781 3022 Pe·
832 2982 881 3022 tem
891 2971 1084 3022 offenditmultos
1092 2971 1181 3034 palmos
1195 2971 1336 3031 admonet

280 3044 360 3110 lignit-
515 3066 520 3073 ·
590 3054 593 3061 ’
831 3045 916 3096 vitium
934 3045 962 3094 in
977 3046 1015 3109 τῷ
1027 3044 1112 3092 nultus
1128 3057 1180 3092 esse
1195 3048 1274 3107 putet,
1292 3057 1336 3108 pro

316 3121 355 3168 1⁴.
373 3117 481 3182 Ponere]
498 3117 523 3167 b.
539 3133 563 3168 e.
581 3117 705 3175 collocare,
716 3128 781 3168 trun·
831 3137 879 3186 qno
893 3123 968 3184 turpis
982 3126 1026 3168 aut
1041 3120 1117 3167 batus
1129 3125 1171 3167 eut
1186 3115 1265 3166 simile
1274 3116 1336 3183 quid

280 3191 367 3258 sigere.
399 3191 512 3241 Heinsius
533 3202 623 3249 autem,
644 3192 780 3251 arbitratus,
830 3193 958 3244 desideret.
991 3191 1040 3243 Sed
1055 3200 1112 3241 tnnc
1124 3190 1335 3256 languidiusquod

278 3265 496 3328 asnospomreboc
503 3265 781 3315 ssusuuonsetisistine
830 3267 891 3316 bene
912 3265 1038 3333 respondet
1058 3266 1096 3329 τῷ
1113 3266 1198 3313 orsitus
1212 3264 1334 3326 panus-

280 3341 338 3398 dici,
348 3339 451 3396 refinxit,
463 3356 534 3387 annos
542 3342 645 3388 condus
671 3340 706 3389 At
716 3339 781 3389 eninr
830 3342 932 3403 αάφτω,
942 3349 967 3388 et
983 3354 1065 3388 aenem
1081 3352 1170 3402 equum
1187 3337 1271 3402 pulcre
1287 3337 1332 3386 ds·

277 3415 329 3482 jem
337 3412 781 3479 Bemmaunusobservavinrnetapbo·
830 3414 1095 3479 pinginienguesceret.
1128 3410 1200 3460 Porro
1209 3409 1333 3470 Heinsius,

280 3504 331 3538 ram
344 3488 446 3537 eventis
461 3495 564 3536 sumtum
581 3503 642 3546 esse,
652 3503 696 3553 pro
712 3487 781 3538 finire
831 3487 965 3552 quiaprim.
975 3484 1087 3535 Vaticsn.
1094 3485 1189 3545 adeptis,
1196 3479 1333 3546 slinsudsp-

281 3578 358 3610 neum
382 3561 482 3618 dictunr,
504 3570 529 3609 et
550 3561 698 3626 Verpoorten
719 3562 780 3612 bene
831 3569 869 3607 tus
877 3559 959 3615 babet,
969 3558 1071 3607 scribere
1082 3556 1160 3622 jubet,
1171 3557 1251 3604 moitis
1260 3558 1331 3618 adep·

281 3634 388 3684 laudarit
397 3634 476 3684 Cicer.
487 3652 511 3683 v.
522 3634 553 3684 ed
569 3635 656 3684 dinem.
667 3635 729 3702 epist
739 3637 780 3684 21.
831 3635 868 3690 tis,
885 3631 996 3698 nimirum
1012 3629 1106 3697 palmis,
1117 3629 1180 3695 quod
1196 3627 1262 3676 idern
1279 3638 1333 3690 ειη
1354 3628 1360 3641 ’

280 3710 305 3757 b.
337 3708 427 3756 Hirrus.
830 3705 1073 3763 nisidixeris,sonunr
1081 3703 1136 3752 inde
1146 3702 1227 3753 enasci
1237 3700 1333 3751 suavio-

315 3783 352 3830 17.
364 3779 591 3838 summoueantur,
599 3780 657 3845 bic]
673 3781 779 3831 Navium
829 3793 888 3827 renn
921 3779 1002 3836 Quare
1024 3776 1084 3833 nibil
1102 3782 1227 3824 mutarem.
1259 3774 1332 3840 Equi,

279 3855 396 3921 exemplo,
407 3869 461 3919 que
476 3853 548 3917 longe
561 3854 712 3919 navigatione
725 3871 779 3920 pro·
829 3851 908 3916 quiin
924 3850 988 3900 ludis
998 3849 1120 3899 victorium
1129 3848 1217 3914 sepius
1226 3856 1331 3913 reporte-

279 3927 346 3977 oeliis
363 3926 467 3992 sginum
478 3926 504 3974 in
519 3928 644 3976 usualibus
660 3943 778 3992 reponun-
829 3933 892 3983 runt,
906 3925 936 3991 jn
955 3940 1043 3987 magno
1062 3923 1137 3989 pretio
1155 3920 1219 3987 apud
1240 3930 1333 3971 veteres

280 4014 363 4057 nume
377 4016 458 4051 senem
471 3999 530 4049 dicit
544 4001 641 4067 placida
651 4000 732 4066 quiete
744 4000 779 4049 uti
828 3999 932 4047 fuerunt.
963 3996 1030 4046 Talis
1039 3996 1111 4062 igitur
1124 3995 1229 4044 infirmus
1240 3994 1332 4045 viribus

279 4073 399 4124 debuisse.
828 4079 854 4121 et
879 4086 953 4120 senex
972 4085 1014 4136 per
1039 4076 1108 4135 prate
1126 4067 1205 4117 libers
1222 4074 1333 4132 vagatur.

314 4148 352 4197 19.
369 4144 780 4196 Heinsiobocdisticbonuidebutur
829 4146 949 4207 Adipiscor
985 4141 1010 4191 b.
1042 4142 1059 4191 1.
1093 4142 1187 4207 passive
1220 4139 1332 4188 sumitur.

278 4221 393 4286 spurium,
416 4220 480 4285 quod
502 4220 600 4269 verbum
620 4220 779 4271 isiwnutnsdi
829 4219 943 4266 Hunnss.

279 4294 319 4343 rix
346 4294 404 4343 slib'r
435 4302 543 4343 occurrat
567 4293 632 4359 apud
663 4302 777 4343 nostrum.
860 4285 1161 4351 supernumerarius]
1179 4282 1330 4332 Militeuin·

279 4366 406 4416 Eniurrero
415 4376 479 4417 recte
484 4368 536 4433 jam
546 4367 705 4423 Burmannus,
717 4373 733 4396 ⁶⁴
740 4382 778 4416 so-
827 4362 878 4427 guli
886 4363 1005 4430 Wiuncti
1013 4360 1107 4415 militis,
1117 4356 1268 4438 donabantur
1275 4370 1329 4436 sep·

279 4441 339 4497 ium,
350 4442 393 4497 sit,
404 4443 502 4492 verbum
512 4443 668 4490 immundi
678 4457 716 4491 me
731 4454 778 4490 non
828 4437 898 4494 tenis,
907 4436 1046 4502 pluribusve
1062 4428 1332 4510 aliquandopugenbus

278 4525 394 4573 moveret,
400 4526 427 4564 ut
437 4531 604 4581 expungerem,
611 4531 685 4580 quum
695 4515 778 4571 seium,
827 4520 904 4566 terra,
910 4503 1242 4583 q11⁰p08⁸²¹¹²1⁸¹5q⁰⁸UVJ¹⁸
1251 4514 1331 4565 W

280 4589 401 4639 Nasonem
412 4589 521 4654 plureite
530 4590 780 4655 verbensurpusse,et
828 4585 943 4634 Solebsnt
960 4592 1049 4637 uuum,
1060 4591 1134 4644 quum
1148 4590 1164 4625 a
1177 4573 1263 4625 odim
1278 4574 1328 4625 dis·
