3609 5967
509 726 575 791 466
802 722 841 789 Ρ.’
868 722 1032 789 ovlnlr
1056 720 1271 789 NASONIS

512 898 598 985 Quo
616 898 714 997 pede
733 922 832 972 nunc
851 906 948 984 utar,
960 896 1079 971 dubia
1095 906 1156 971 est
1172 895 1363 972 sententia
1378 898 1507 973 nobis:

532 1033 536 1041 ’
559 1014 667 1087 Alter
684 1012 784 1087 enim
803 1014 851 1087 de
868 1003 920 1099 te,
941 1012 1091 1099 Rhene,
1111 1012 1326 1111 triumphus
1344 1013 1464 1087 adest.

510 1129 622 1204 Irrita
638 1154 809 1204 verorum
828 1156 904 1204 non
922 1141 1011 1204 sunt
1028 1130 1216 1229 praesagia
1231 1141 1381 1204 vatum:

560 1244 698 1319 Danda
714 1244 738 1318 J
740 1245 800 1320 ovi
817 1247 959 1357 laprus,
978 1245 1071 1319 dum
1089 1244 1189 1343 prior
1206 1244 1271 1319 illa
1284 1244 1392 1319 viret.
1409 1235 1413 1243 ’
1507 1250 1560 1319 90

510 1360 547 1434 N
550 1387 593 1436 cc
605 1388 690 1437 mea
700 1364 816 1437 verba
830 1362 940 1459 legia,
952 1362 1018 1460 qui
1030 1386 1115 1436 sum
1128 1364 1328 1435 submotus
1341 1362 1390 1435 ad
1404 1361 1556 1449 Istrum,

560 1476 647 1551 Non
664 1477 761 1552 bene
779 1478 926 1577 pacatis
943 1476 1099 1551 flumina
1116 1488 1206 1577 pota
1224 1477 1356 1551 Getis:

509 1592 590 1668 Ista
608 1592 682 1667 Dei
700 1618 773 1668 vox
791 1604 871 1668 est:
894 1592 1001 1668 Deus
1018 1603 1079 1667 est
1096 1593 1135 1667 in
1151 1605 1305 1692 pectore
1320 1604 1468 1668 nostro:

559 1708 651 1784 Haec
669 1710 767 1784 duce
784 1709 949 1808 praedico
965 1710 1224 1806 vaticinorque
1243 1707 1340 1783 Deo.

507 1823 610 1908 Quid
624 1850 753 1900 cessas
763 1850 914 1901 currum
927 1850 1183 1926 pompamque
1195 1849 1328 1924 parare
1342 1824 1554 1923 triumphis,

558 1940 687 2016 Livia?
708 1944 789 2041 jam
807 1944 930 2018 nullas
947 1943 1042 2018 daut
1058 1944 1128 2017 tibi
1145 1943 1246 2017 bella
1261 1965 1398 2016 moras.
1474 1925 1482 1933 ⁵
1504 1944 1554 2013 96

506 2056 659 2135 Perfida
675 2059 874 2133 damnatas
891 2059 1098 2134 Germania
1114 2058 1264 2159 projicit
1281 2059 1431 2132 hastas:

555 2171 579 2245 J
582 2198 641 2248 am
661 2175 812 2274 pondus
830 2175 937 2249 dices
954 2200 1067 2250 omen
1085 2176 1225 2249 habere
1241 2198 1382 2248 meum.

506 2287 643 2379 Crede,
657 2291 839 2388 brevique
857 2291 953 2366 fides
967 2290 1109 2379 aderit;
1130 2289 1339 2387 geminabit
1351 2289 1526 2363 honorem

556 2404 686 2493 Filius,
706 2415 746 2481 et
758 2406 917 2505 junctis,
936 2416 978 2481 ut
996 2405 1112 2506 prius,
1132 2405 1203 2480 ibit
1219 2404 1342 2504 equis.
1481 2408 1552 2477 100

504 2519 655 2608 Prome,
667 2523 770 2619 quod
789 2522 935 2621 injicias
953 2523 1118 2597 humeris
1134 2523 1353 2609 victoribus,
1371 2531 1534 2595 ostrum:

555 2633 647 2736 Ipsa
663 2649 791 2737 potest
809 2638 959 2713 solitum
979 2664 1091 2714 nosse
1106 2663 1245 2714 corona
1260 2647 1389 2737 caput.

505 2750 636 2840 Scuta,
656 2754 725 2828 sed
742 2764 782 2829 et
798 2754 917 2851 galeae
935 2755 1095 2851 gemmis
1115 2756 1308 2831 radientur
1325 2766 1365 2828 et
1381 2776 1484 2838 auro,

555 2866 743 2966 Stentque
762 2893 875 2969 super
891 2870 1038 2945 vinctos
1055 2880 1190 2947 trunca
1205 2883 1349 2969 tropaea
1360 2871 1470 2943 viros,

505 2982 658 3082 Oppida
675 2984 817 3059 turritis
835 2985 1036 3082 cingantur
1054 2989 1220 3062 eburnea
1236 2986 1375 3077 muris;
1481 2987 1551 3056 105

554 3098 740 3199 Fictaque
756 3124 815 3175 res
833 3126 922 3175 vern
938 3126 1042 3177 more
1060 3112 1213 3202 putetur
1229 3102 1304 3199 agi.

533 3318 575 3366 90.
587 3318 673 3367 Danda
683 3318 736 3368 Just
746 3318 846 3382 isurun]
856 3316 1002 3385 Triumphus
1050 3318 1158 3368 damnat.
1196 3318 1303 3381 Pnjten.
1325 3316 1417 3383 Abjieit
1435 3324 1551 3380 tanquam

500 3388 596 3441 dandus
613 3401 650 3441 est
665 3393 721 3442 Jnvi
740 3392 885 3459 Capitolino,
900 3392 940 3442 cui
956 3392 1001 3441 im·
1050 3410 1119 3459 poue
1130 3394 1203 3442 uictu.

500 3472 620 3528 penatores
636 3466 702 3514 lauro
719 3464 825 3515 coronati
842 3466 910 3515 ibant
928 3466 1001 3517 uucn‘·
1082 3468 1125 3516 99.
1136 3468 1268 3516 Goninbit
1279 3468 1384 3514 honore·
1397 3462 1490 3526 fua]
1506 3462 1550 3511 Ti·

500 3538 607 3589 iicatum.
647 3540 694 3589 vu
715 3540 775 3589 dicit
796 3540 930 3607 ponendam
949 3556 1001 3590 ute
1049 3541 1130 3591 basius
1141 3538 1550 3606 aliumconsequetnrtriumpbum:

500 3611 607 3663 laureum
622 3613 653 3663 de
668 3630 732 3663 more
747 3622 801 3679 post
814 3614 961 3680 triumphum
975 3615 1001 3665 in
1050 3621 1076 3664 et
1086 3614 1121 3665 ita
1130 3614 1220 3681 duplici
1233 3614 1352 3680 triumpha
1366 3613 1412 3662 erit
1426 3612 1549 3677 plurimus,

500 3687 778 3754 aedeJoviuCapitoliui.
805 3689 869 3737 Dum
878 3692 944 3751 prior
957 3691 1001 3739 rua
1050 3689 1125 3738 altero
1138 3696 1208 3754 parto
1221 3690 1253 3738 de
1268 3688 1360 3754 Illyria,
1371 3688 1508 3736 alterorum
1518 3686 1550 3734 de

499 3764 567 3810 viret.
593 3764 660 3811 Dum
676 3778 763 3813 corona
783 3762 826 3813 illa
842 3762 939 3821 'liberii
953 3780 1001 3829 qut
1050 3761 1550 3819 Germanisntberiusenimanuuuer·

499 3835 572 3897 paulo
587 3844 643 3883 ante
657 3850 732 3884 ovans
742 3836 774 3885 ub
784 3835 931 3886 debellatum
941 3838 999 3901 luy-
1049 3837 1139 3894 ωιιιὶι,
1149 3836 1276 3902 imperator
1286 3836 1422 3902 adpellatus
1431 3835 1485 3883 tuit.

498 3906 582 3963 riuum.
598 3918 724 3957 coronatus
740 3910 823 3957 urbem
840 3910 946 3967 intravit,
957 3910 1000 3959 ad·
1084 3912 1139 3959 104.
1159 3910 1268 3974 Stentque
1287 3927 1357 3973 super
1374 3913 1444 3958 υἰσεα
1465 3920 1549 3957 trum

498 3979 546 4029 huc
560 3990 597 4029 eut
612 3991 728 4029 recenset
740 3981 829 4030 viridis.
858 3984 954 4047 Exque
963 3983 1001 4033 in·
1050 3994 1136 4047 nuptu
1156 3986 1237 4050 viros-J
1265 3985 1353 4033 Malim
1371 4000 1439 4046 super
1463 3986 1549 4031 vinctu

498 4056 550 4105 nuit
568 4064 622 4122 post
637 4056 705 4104 illum
724 4056 877 4121 triumphum,
897 4058 1013 4107 alterum·
1049 4060 1253 4125 nroscumprirn.
1281 4060 1430 4108 Mediceoet
1444 4057 1549 4123 quinque

498 4131 569 4181 etiarn
578 4129 715 4197 propediem
725 4130 805 4179 debari
813 4130 918 4180 Tiberio.
1049 4132 1112 4183 aliis.
1138 4135 1169 4182 lu
1178 4133 1412 4183 Numismritiuauirn
1425 4132 1547 4181 marmori-

530 4200 572 4255 94.
594 4204 671 4269 Heu]
695 4206 766 4254 Hunc
788 4206 890 4254 alterum
912 4204 997 4255 trium·
1047 4208 1142 4274 busque
1152 4207 1255 4274 antiquis
1265 4207 1547 4274 adparentpussimeup·

498 4280 581 4347 phurn.
726 4288 732 4314 ¹
1047 4282 1198 4349 tivitrnpaeis
1207 4282 1316 4349 adligati.
1333 4283 1425 4331 Huius.
1453 4281 1547 4331 rrum

465 4362 470 4369 '
529 4354 571 4402 97.
592 4354 685 4417 Perfida
705 4351 850 4416 Germania]
868 4352 999 4404 Germania
1047 4364 1140 4418 tropea.
1156 4358 1217 4415 Quae
1226 4356 1547 4422 amputatiwbonbusfige-

496 4444 550 4493 quaa
563 4426 635 4476 fidem
649 4426 712 4492 rupit
722 4424 847 4484 Romanis,
859 4442 922 4477 cresc
933 4428 998 4477 Varo
1046 4429 1148 4490 hautun
1165 4432 1321 4497 amputabant
1335 4429 1401 4479 enim
1414 4446 1491 4478 ramus
1508 4445 1546 4478 ar-

496 4511 521 4549 et
539 4501 614 4553 tribus
635 4499 776 4565 legionibus.
800 4501 928 4551 Dumnitus
946 4502 997 4550 hur-
1046 4502 1139 4560 borum,
1158 4518 1188 4552 ac
1209 4504 1298 4553 deiude
1324 4504 1397 4554 armis
1416 4503 1545 4571 spoliisque

496 4585 540 4623 tur.
571 4576 671 4626 Belinet
682 4592 756 4633 arma,
765 4593 818 4642 quc
831 4576 963 4629 detestatur
972 4588 997 4629 et
1046 4577 1108 4627 busti
1118 4578 1231 4629 detractis
1240 4580 1364 4634 ornabunt.
