3609 5967
458 767 693 835 rrersrruu
715 767 807 834 ms.
832 768 895 834 rv.
919 769 1056 837 suec.
1079 772 1130 837 x.
1251 750 1340 839 ooo

269 940 408 1027 Quum,
426 942 540 1016 maris
560 940 700 1015 Euxini
718 942 862 1041 positos
881 942 931 1017 ad
948 943 1052 1030 laeva,
1070 942 1240 1020 Tomitas

276 1072 283 1107 f
320 1056 497 1142 Quaerere
515 1081 576 1131 me
594 1056 673 1131 laesi
691 1056 872 1157 principis
890 1059 947 1133 ira
957 1060 1083 1157 jubet.

270 1171 398 1247 Causa
414 1198 521 1259 meae,
540 1173 689 1247 cunctis
707 1172 865 1247 nimium
883 1198 1038 1274 quoque
1056 1186 1157 1263 nota,
1171 1176 1289 1253 ruinae

320 1287 465 1363 Indicio
482 1313 558 1363 non
576 1298 636 1362 est
652 1288 893 1364 testificanda
908 1313 994 1365 meo
1246 1296 1316 1365 100

269 1398 371 1487 Quid
398 1404 556 1479 referam
580 1403 839 1501 comitumque
858 1406 977 1495 nefas,
995 1405 1231 1505 famulosque
1249 1432 1316 1483 no-

318 1518 410 1619 lpsa
427 1522 547 1596 multa
563 1520 632 1595 tuli
649 1545 726 1594 non
742 1521 883 1596 leviora
898 1521 1001 1619 fuga.
1139 1525 1315 1619 [centesl

268 1633 474 1734 Indignata
488 1637 598 1712 malis
616 1661 722 1711 mens
740 1647 800 1712 est
813 1639 1072 1725 succumbere,
1088 1661 1207 1737 seque

319 1752 505 1829 Praestitit
521 1753 699 1828 invictam
716 1754 858 1828 viribus
877 1778 947 1828 usa
963 1755 1064 1830 suis:
1155 1780 1157 1785 ’

269 1867 502 1967 Oblitusque
519 1880 630 1967 togae,
649 1870 850 1969 ductaeque
868 1896 936 1970 per
952 1871 1031 1947 otia
1046 1872 1147 1959 vitae,
1244 1878 1316 1948 105

318 1983 476 2060 Insolita
491 1987 576 2085 cepi
593 1986 773 2086 temporis
792 2011 1050 2062 armamanu:
1351 1994 1354 1999 “

268 2098 417 2198 Totque
435 2100 504 2175 tuli
521 2113 621 2176 terra
637 2126 749 2176 casus
767 2103 992 2201 pelagoque,
1012 2114 1106 2201 quot
1124 2103 1222 2179 inter

274 2260 276 2267 »
321 2214 524 2290 Occultum
541 2217 661 2291 stellae
679 2217 1004 2316 conspicuumque
1022 2218 1164 2317 polum.

269 2328 388 2406 Tacta
403 2331 495 2405 mihi
513 2333 680 2419 tandem,
700 2333 822 2429 longis
840 2334 1029 2408 erroribus
1044 2344 1142 2421 acto,

317 2444 460 2521 Juncta
475 2447 702 2546 pharetratis
722 2447 905 2523 Sarmatis
923 2472 988 2522 ora
1006 2448 1138 2523 Getis:
1247 2455 1317 2525 110

270 2559 344 2637 Hic
363 2587 447 2660 ego,
463 2563 633 2651 finitimis
651 2564 822 2661 quamvis
840 2564 1095 2638 circumsoner
1111 2565 1238 2654 armis,

319 2677 469 2767 Tristia,
490 2703 566 2776 quo
584 2704 753 2778 possum,
772 2680 939 2754 carmine
955 2680 1034 2755 fata
1050 2680 1154 2755 levo:

268 2791 391 2881 Quod,
401 2795 574 2892 quamvis
588 2819 699 2869 nemo
717 2806 787 2883 est,
803 2796 913 2893 cujus
927 2795 1108 2869 referatur
1126 2795 1174 2869 ad
1192 2820 1314 2883 aures,

319 2910 384 2984 Sic
402 2921 530 2986 tamen
548 2913 706 2987 absumo
724 2912 951 3011 decipioque
969 2912 1083 2988 diem.

270 3025 383 3122 Ergo,
402 3029 505 3125 quod
521 3029 618 3115 vivo,
637 3029 817 3126 durisque
832 3028 1024 3102 laboribus
1041 3029 1163 3117 obsto,
1246 3018 1325 3122 115,

320 3142 404 3218 Nec
422 3168 482 3218 me
500 3145 670 3220 sollicitae
688 3144 803 3221 taedia
818 3145 914 3218 lucis
932 3144 1086 3230 habent,

270 3258 415 3346 Gratia,
436 3259 561 3348 Musa,
581 3262 672 3337 tibi:
701 3286 788 3337 nam
806 3272 847 3335 tu
867 3260 1003 3334 solatia
1019 3260 1188 3358 praebes;

318 3372 376 3448 Tu
394 3398 493 3449 curae
511 3377 675 3474 requies,
694 3388 736 3451 tu
753 3376 942 3451 medicina
958 3374 1069 3475 malj;

269 3618 370 3684 qratiam
377 3620 503 3686 Olympias
509 3620 601 3670 dictum
610 3621 669 3670 luit:
680 3622 769 3671 Noster
817 3619 917 3687 tempori
932 3619 1025 3677 cedere,
1036 3627 1061 3670 et
1077 3619 1211 3670 necmias
1226 3636 1316 3686 parere,

269 3702 348 3742 autem
359 3694 515 3760 Olympiadas
531 3694 612 3745 lustris
625 3704 705 3760 aequat
718 3694 769 3744 Ro·
818 3703 845 3745 ut
855 3695 933 3744 virum
943 3696 1027 3745 fortem
1035 3694 1112 3745 decet.

268 3782 397 3824 manorum,
413 3767 449 3817 ita
468 3777 493 3817 ut
510 3767 710 3834 quinquennalem
730 3768 768 3818 ln·
853 3770 907 3819 toa.
919 3770 1041 3819 Occultum
1056 3768 1154 3833 polum]
1175 3769 1221 3819 Per
1236 3772 1316 3820 occul·

269 3839 351 3891 dorum
364 3841 527 3892 celebritatem
544 3842 712 3908 quinquenniis
726 3859 768 3893 ex-
818 3855 868 3894 tnm
884 3843 976 3911 polum,
995 3843 1146 3894 Australem:
1164 3859 1206 3910 per
1224 3846 1317 3911 conspi-

217 3960 222 3969 ,
269 3915 329 3964 actis
347 3915 397 3964 lieri
412 3916 503 3973 credat,
519 3916 621 3981 ideoque
637 3917 768 3967 secundum
819 3934 891 3967 cuum
908 3933 972 3974 vero,
990 3917 1210 3983 Septemtrionalem
1228 3918 1316 3968 intelli·

268 3987 332 4038 bnne
348 3990 427 4039 locum
441 3989 526 4040 decem
542 3990 699 4056 Olympiades
712 4007 768 4041 con-
818 3991 867 4056 git3
878 3990 1003 4055 Virgilius,
1014 3991 1198 4055 Georg.i.2⁴2:

269 4062 350 4111 ficiunt
363 4064 392 4111 L.
404 4079 485 4114 annos.
512 4063 600 4114 Confer
614 4080 686 4130 snpra
699 4063 733 4113 iv.
744 4068 769 4114 8.
852 4066 899 4115 llic
909 4068 1275 4128 rrertssrrrrbistssrsprrsublirru‘s,¹
1292 4077 1318 4115 at

270 4136 311 4184 33.
334 4136 447 4187 tirsus
883 4141 952 4187 illam

305 4212 358 4260 105.
369 4211 502 4275 oblitusque
518 4210 584 4274 καί]
604 4210 669 4279 Togae
680 4211 769 4261 Riobe·
851 4213 899 4262 sot
913 4215 1007 4276 pedibus
1017 4213 1075 4278 Styx
1087 4223 1140 4262 utra
1151 4213 1220 4268 uidet,
1231 4229 1317 4260 mes-

269 4281 355 4333 lianns.
371 4285 461 4334 Harsa.
505 4285 536 4333 Et
556 4284 646 4335 oblitus
665 4285 769 4352 pristine
883 4305 926 4351 pue
934 4289 1054 4353 profundi.
1213 4285 1285 4333 Mar.

270 4372 329 4406 mee
347 4359 532 4423 tranquillitatis,
551 4368 689 4425 naturaque
709 4375 769 4408 mee
855 4361 909 4409 116.
919 4361 990 4411 Lucis
999 4358 1121 4420 altiora]
1136 4357 1208 4413 vite,
1217 4372 1270 4421 quae
1279 4372 1317 4407 tue

270 4432 398 4489 tenerioris,
409 4442 433 4482 et
444 4434 498 4483 vita
511 4434 614 4484 molliter
624 4443 694 4484 seta.
819 4433 948 4483 sollicitum
959 4443 983 4483 et
990 4431 1087 4482 anxium
1097 4428 1183 4480 reddit.
1208 4430 1278 4480 Min.

304 4506 360 4555 106.
379 4506 434 4571 Cepi
453 4525 518 4558 «rm
544 4508 671 4572 emporis]
699 4507 769 4574 copi

304 4579 380 4631 VOL
391 4580 427 4632 ΙΙ.
918 4582 939 4629 x
