3609 5967
499 764 566 829 too
800 761 839 825 Ρ.
862 756 1027 825 ovum
1051 755 1268 825 NASONIS

502 938 730 1033 Cunctaque
740 958 859 1033 quum
873 956 960 1008 mea
969 933 1047 1006 sint
1057 956 1248 1031 propenso
1256 934 1349 1008 nixa
1356 934 1505 1021 levore,
1526 937 1575 1005 15

552 1052 794 1152 Praecipuum
812 1050 933 1125 venie
946 1052 1011 1148 jus
1028 1050 1147 1124 habet
1162 1050 1227 1125 ille
1244 1051 1353 1125 liber.
1455 1104 1460 1109 ,

503 1172 725 1270 Spectatum
743 1178 850 1243 vates
869 1167 932 1241 alii
950 1168 1137 1265 scripsere
1154 1167 1402 1267 triumphurn.

554 1286 625 1360 Est
642 1284 786 1383 aliquid
804 1282 961 1359 memori
978 1283 1060 1356 visa
1076 1294 1210 1357 notare
1226 1308 1355 1358 manu.

504 1404 585 1477 Nos
604 1427 650 1477 es
665 1404 729 1476 vix
748 1402 897 1476 avidam
914 1400 1028 1497 vulgo
1046 1410 1202 1498 captata
1218 1424 1286 1499 per
1303 1424 1432 1474 aurem

554 1518 806 1619 Scripsimus:
836 1529 954 1615 atque
971 1517 1070 1590 oculi
1089 1516 1189 1590 farne
1205 1515 1311 1591 fuere
1328 1517 1415 1590 mei.
1512 1522 1569 1589 20

506 1635 661 1710 Scilicet
678 1632 851 1709 adfectus
870 1632 1025 1719 similes,
1046 1641 1112 1706 aut
1130 1630 1296 1729 impetus
1315 1631 1427 1717 idern,

555 1752 689 1827 Rebus
707 1752 755 1826 ab
774 1750 913 1825 auditis
932 1748 1225 1848 conspicuisque
1242 1748 1371 1822 venitl

504 1866 541 1941 N
544 1892 588 1943 ec
607 1867 705 1941 nitor
719 1866 877 1963 argenti,
897 1889 1014 1963 quem
1027 1888 1094 1939 vos
1108 1863 1268 1949 vidistis,
1288 1872 1328 1935 et
1345 1862 1437 1948 auri,

554 1982 666 2067 Quod
685 1981 777 2055 mihi
794 1978 971 2067 deluerit,
991 2001 1234 2078 purpuraque
1253 1978 1329 2065 illa,
1349 2002 1506 2075 queror:

505 2099 582 2173 Sed
600 2100 695 2187 loce,
715 2097 784 2171 sed
803 2106 938 2194 gentes
956 2095 1124 2169 formatae
1141 2095 1244 2168 mille
1262 2094 1392 2191 figuris
1504 2098 1560 2167 25

554 2214 772 2289 Nutrissent
790 2236 957 2300 carmen,
973 2213 1179 2311 proeliaque
1197 2212 1293 2310 ipsu,
1312 2234 1450 2284 meum.

505 2329 554 2405 Et
571 2354 703 2427 regum
721 2328 861 2416 vultus,
880 2328 1092 2403 certissime
1109 2327 1268 2427 pignora
1285 2327 1435 2415 mentis,

552 2444 576 2518 J
579 2445 748 2521 uvisseut
765 2446 893 2542 aliqua
910 2444 1067 2519 forsitan
1084 2444 1177 2518 illud
1196 2468 1305 2543 opus.

504 2562 709 2637 Pleusibus
726 2586 775 2637 ex
794 2562 887 2660 ipsis
905 2560 1049 2662 populi,
1065 2562 1230 2659 laetoque
1247 2561 1386 2645 lavore,
1413 2655 1419 2668 ι

554 2678 755 2775 Ingenium
775 2677 936 2775 quodvis
954 2676 1157 2752 incaluisse
1175 2688 1313 2776 potest.
1503 2681 1553 2749 30

502 2834 603 2883 lectores
617 2832 756 2889 concilient,
767 2831 825 2898 quis
838 2848 921 2883 eornrn
933 2850 1006 2901 opere
1054 2843 1092 2883 est
1102 2834 1194 2891 verlor;
1209 2844 1237 2882 nt
1253 2833 1292 2890 sit,
1306 2836 1404 2899 pignora
1419 2835 1507 2888 mensu.
1517 2833 1555 2881 in-

503 2922 580 2975 perse
592 2908 697 2957 levorem
708 2906 862 2957 enuntient.
1055 2908 1120 2958 dicia
1129 2916 1154 2959 et
1162 2907 1354 2975 significationes.
1379 2906 1554 2955 Fsteninrrul·

538 2982 575 3030 16.
594 2978 640 3031 Ius
658 2982 735 3045 iiten]
754 2980 862 3031 Libellus
878 2981 919 3031 ille
935 2997 1005 3047 quern
1056 2994 1103 3040 tus,
1116 2982 1185 3048 qussi
1206 2982 1304 3047 quidem
1324 2981 1411 3029 tacitns
1427 2980 1500 3029 animi
1515 2981 1553 3031 in·

503 3054 579 3113 mitto,
595 3055 637 3105 ubi
654 3055 795 3105 describitur
806 3054 908 3105 cens·
923 3054 1006 3103 triurn-
1056 3057 1112 3114 der,
1125 3056 1166 3123 qui
1179 3072 1222 3123 pro
1231 3072 1260 3105 eo
1270 3065 1343 3120 etque
1354 3053 1396 3103 ills
1406 3054 1501 3105 sussen
1510 3066 1556 3113 est,

422 3138 430 3165 ¹
502 3129 565 3195 plius
582 3129 682 3179 materis
702 3128 782 3195 smpls
798 3138 823 3178 et
844 3144 940 3193 magns,
952 3146 1006 3194 qun
1056 3132 1107 3198 ipse
1115 3147 1211 3197 qnoque
1218 3131 1296 3188 letus,
1304 3130 1385 3187 tristis¹
1395 3130 1504 3196 placidus
1513 3142 1557 3181 snt

502 3202 568 3252 eliud
602 3213 740 3269 exposceret
770 3201 900 3268 ingenium,
933 3219 1006 3268 qnam
1057 3215 1137 3255 torvus
1146 3214 1190 3255 est
1217 3206 1313 3254 Mrcrn.

502 3292 590 3325 meum.
1089 3281 1131 3328 18.
1146 3280 1264 3330 diruissent
1281 3280 1361 3342 nliqrro
1373 3278 1479 3343 sossius
1494 3280 1556 3328 illes

534 3351 1007 3417 so.sed1oea,utgenns.]sngenro
1056 3354 1119 3418 ομ]
1142 3353 1246 3403 Prelero
1263 3353 1328 3419 quod
1344 3350 1371 3401 in
1384 3352 1487 3417 vulgetis
1504 3362 1556 3413 αις

503 3440 545 3474 sex
562 3433 683 3490 septemve
695 3434 799 3475 veteres:
817 3440 925 3475 nervose.
958 3422 1006 3472 Sed
1055 3429 1134 3491 aliquo
1140 3428 1246 3491 forsitan
1259 3428 1394 3488 illrsdopus
1416 3428 1558 3493 Atiqsapro

501 3498 607 3548 locorum
618 3497 790 3563 descriptiones
799 3509 825 3548 et
834 3500 942 3566 picture,
951 3512 1005 3563 qne
1056 3502 1138 3567 alique
1153 3510 1234 3567 pnrte;
1250 3510 1278 3549 ut
1287 3500 1356 3564 ung.
1366 3499 1450 3563 Eclog.
1460 3499 1493 3548 iii.
1507 3503 1554 3550 1⁵:

502 3572 676 3639 triumphentes
702 3574 856 3638 inperstores
885 3572 1006 3641 procede·
1169 3576 1459 3637 nemorosorum.

503 3649 570 3698 bent.
598 3647 951 3703 Perlocssutennsnturbu,
964 3654 1007 3695 sut
1088 3652 1130 3699 ¹29.
1152 3649 1260 3713 Favere]
1284 3650 1388 3714 Fmgore
1407 3648 1497 3705 meliro,
1518 3648 1556 3697 rel

503 3735 600 3788 compos
618 3721 660 3771 nbi
686 3730 759 3787 perte
785 3722 879 3771 irrorent
900 3720 1006 3770 victorin
1056 3740 1152 3771 mm:
1169 3738 1225 3772 nem
1236 3724 1328 3791 sororis
1346 3722 1427 3788 psello
1446 3730 1498 3787 post
1514 3736 1555 3772 se·

502 3796 647 3860 pugnnnd03
663 3803 688 3844 et
701 3794 759 3860 quis
771 3794 909 3861 hujusmodi
923 3794 1006 3859 prnlis
1056 3796 1144 3862 quitur.
1170 3798 1301 3847 Heinsius.
1333 3795 1368 3845 At
1382 3797 1445 3845 enirn
1466 3796 1492 3845 in
1507 3795 1556 3845 slio

501 3870 567 3933 pieta
578 3868 703 3933 preibant.
714 3877 739 3917 et
752 3869 777 3917 in
793 3876 942 3934 pugnantum
953 3882 1005 3917 eor-
1055 3886 1125 3920 sensu
1136 3880 1239 3921 sumtum
1251 3869 1367 3936 seqnitur.
1390 3869 1479 3935 Atque.
1489 3870 1554 3935 quod

502 3942 599 4009 poribus
614 3941 685 3991 varie
704 3952 772 3992 erent
782 3943 906 3992 vulnerum
924 3951 949 3992 et
964 3959 1006 3993 cs·
1048 3946 1134 4009 soom
1154 3944 1186 3995 de
1210 3944 1291 3995 studio
1309 3944 1413 4010 pertinse
1432 3942 1556 4009 sceipitur,

502 4016 611 4066 dentium
630 4016 726 4077 iormst;
747 4016 803 4065 ideo
819 4016 951 4083 subjungit,
967 4018 1004 4067 vel
1057 4019 1153 4068 cornel.
1168 4037 1227 4068 nv.
1241 4022 1267 4069 2.
1278 4022 1305 4068 2.
1324 4036 1367 4069 cnr
1384 4035 1431 4068 non
1451 4019 1475 4068 lr.
1489 4019 1506 4065 1.
1523 4020 1556 4069 de

503 4100 586 4157 gentes
597 4092 702 4141 formate
714 4091 780 4141 mille
791 4092 881 4158 figuris.
1055 4090 1136 4142 studio
1154 4093 1244 4142 'liberii
1267 4093 1400 4158 domusque
1421 4094 1558 4157 Angusto!

534 4169 577 4217 16.
598 4167 731 4216 Nutrineut
749 4184 849 4226 eumen,
868 4168 928 4231 dre]
947 4168 1006 4216 Csr-
1056 4164 1112 4215 dein
1128 4167 1251 4216 Drskenb.
1267 4166 1299 4215 sd
1313 4164 1359 4215 Sil.
1371 4166 1427 4215 ltsl.
1439 4166 1487 4215 xvi.
1499 4168 1556 4215 315.

502 4242 561 4293 ruini
577 4258 631 4293 meo
646 4241 748 4307 gretiam
763 4242 914 4293 adtulissent.
941 4243 1005 4291 Prae-
1056 4243 1117 4291 bene
1133 4251 1222 4299 nronet,
1232 4240 1352 4319 docteque
1365 4240 1475 4298 illumi,
1482 4241 1558 4305 senor

503 4320 636 4383 lisqueipsn
647 4332 729 4365 meum.
756 4316 788 4365 Et
799 4316 857 4382 ipse
869 4315 1003 4382 praeliorum
1055 4324 1080 4364 et
1086 4316 1173 4379 from
1188 4316 1294 4382 proprias
1308 4330 1360 4365 esse
1374 4330 1455 4370 voces,
1469 4315 1556 4379 quibus

502 4392 679 4459 descriptiones.
1054 4404 1101 4438 non
1112 4390 1187 4438 solum
1198 4390 1314 4447 andium,
1326 4403 1375 4455 quo
1383 4390 1486 4456 populns
1500 4404 1559 4453 erga

535 4468 576 4517 27.
592 4467 623 4515 Et
640 4484 719 4533 regum
734 4466 812 4529 pullus
828 4466 953 4515 certissimo
967 4466 1003 4525 pi·
1054 4462 1117 4513 hanc
1133 4464 1172 4512 vel
1191 4462 1258 4514 illenr
1275 4464 1412 4529 aurigarum
1429 4464 1556 4513 lectionem

500 4556 575 4607 gnere
585 4541 683 4605 gentle]
703 4540 742 4589 lte
752 4540 850 4603 quidem
862 4538 947 4603 vulgo:
961 4538 1004 4586 sed
1055 4538 1172 4595 adiicitur,
1189 4539 1316 4595 indicetur,
1332 4538 1374 4588 sed
1389 4530 1463 4587 etism
1480 4536 1556 4586 solitse

502 4614 543 4664 nlii
559 4618 657 4680 pignora
671 4618 752 4663 mentis
763 4614 854 4679 legunt,
866 4630 921 4679 que
932 4611 1004 4662 lectio
1054 4612 1251 4671 sdelnrnstiones,
1266 4612 1355 4678 quibus
1371 4611 1477 4662 studium
1494 4609 1558 4658 indi-
