3609 5967
480 758 545 825 tto
781 756 820 821 P.
845 754 1005 821 OVIDIl
1032 753 1246 822 NASONIS

432 929 437 947 '
482 932 647 1029 Dignam
666 930 840 1007 Maeoniis
858 928 1064 1005 Phaeacida
1080 930 1244 1003 condere
1260 910 1402 1003 chartis

532 1048 659 1133 Quum
677 1062 715 1123 te
734 1048 907 1124 Pierides
924 1046 1157 1145 perdocuere
1170 1057 1258 1119 tuae.

481 1164 556 1239 Hic
573 1177 692 1255 tenor,
711 1164 794 1239 baec
811 1164 921 1239 viridi
939 1163 1142 1237 concordia
1158 1158 1286 1261 coepta
1297 1163 1457 1259 juventa

530 1280 646 1357 Venit
662 1283 711 1359 ad
728 1283 902 1357 albentes
920 1280 1137 1355 illabefacta
1152 1302 1294 1353 comas.
1485 1282 1539 1349 30

481 1396 576 1481 Quae
595 1398 667 1473 nisi
685 1410 724 1473 te
742 1409 929 1484 moveant,
947 1396 1043 1471 duro
1060 1395 1130 1469 tibi
1148 1404 1306 1493 pectora
1321 1393 1416 1468 ferro

531 1512 640 1601 Esse,
658 1516 719 1589 vel
736 1514 875 1588 invicto
892 1513 1022 1587 clausa
1039 1512 1240 1587 adamante
1257 1523 1400 1609 putem.
1490 1558 1505 1581 .

482 1630 559 1703 Sed
575 1629 679 1729 prius
697 1628 785 1703 huic
804 1628 931 1704 desint
947 1640 987 1702 et
1003 1628 1147 1702 bellum
1165 1636 1204 1702 et
1221 1625 1359 1722 frigora
1375 1637 1497 1713 terrae,

531 1744 678 1819 invisus
697 1744 805 1820 nobis
824 1768 910 1842 quae
924 1744 1001 1817 duo
1019 1743 1168 1817 Pontus
1185 1742 1322 1831 habet3

480 1858 530 1933 Et
547 1860 698 1959 tepidus
719 1859 874 1945 Boreas,
890 1870 930 1933 et
947 1858 998 1932 sit
1014 1858 1251 1957 praefrigidus
1269 1858 1427 1946 Auster;
1482 1862 1534 1931 35

530 1974 580 2049 Et
598 1976 718 2077 possit
735 1975 854 2049 latum
871 1974 1023 2048 mollius
1038 1999 1123 2050 esse
1141 1997 1280 2060 meum,

478 2090 603 2175 Quom
621 2102 688 2166 tua
706 2092 780 2165 sint
797 2091 907 2189 lapso
924 2089 1134 2189 praecordia
1150 2089 1246 2164 dura
1262 2090 1404 2164 sodali:

531 2206 604 2283 llic
623 2209 796 2283 cumulus
815 2209 953 2283 nostris
971 2206 1083 2293 absit,
1103 2207 1301 2304 abestque,
1321 2206 1442 2279 malis.

478 2322 534 2397 Tu
554 2324 666 2398 modo
684 2348 751 2424 per
767 2323 947 2422 Superos,
962 2346 1124 2421 quorum
1136 2322 1370 2395 certissimus
1384 2322 1446 2395 ille
1459 2334 1532 2406 est,

529 2438 614 2525 Quo
632 2451 721 2514 tuus
739 2440 898 2515 adsidue
917 2440 1089 2538 principe
1099 2425 1225 2513 'crevit
1240 2438 1380 2527 bonor;
1481 2441 1533 2508 40

479 2555 609 2645 Effice,
628 2558 815 2632 constanti
833 2556 1034 2655 profugum
1050 2556 1191 2654 pietate
1209 2554 1364 2640 tuendo,

528 2671 564 2747 N
568 2696 589 2746 e
607 2685 758 2772 sperata
775 2696 906 2754 meam,
916 2672 1069 2747 deserat
1085 2696 1178 2746 aura
1196 2682 1329 2746 ratem.

477 2785 578 2871 Quid
594 2788 782 2875 mandem,
795 2812 961 2887 quaeras:
982 2812 1147 2888 peream,
1160 2788 1231 2860 nisi
1242 2788 1368 2860 dicere
1378 2786 1441 2859 vix
1452 2795 1529 2871 est;

529 2902 570 2976 Si
588 2904 713 2991 modo,
733 2906 799 3003 qui
817 2904 941 3003 periit,
961 2906 1025 2979 ille
1042 2905 1164 3005 perire
1182 2913 1319 3004 potest.
1575 2991 1578 2996 Ι

477 3017 513 3091 N
516 3042 560 3093 ec
576 3020 669 3117 quid
680 3044 790 3117 agam
801 3022 962 3108 invenio,
974 3046 1044 3095 noc
1058 3020 1152 3119 quid
1165 3020 1339 3104 nolimve,
1351 3017 1529 3104 velimve;

528 3133 563 3206 N
567 3158 612 3210 ec
629 3136 722 3211 satis
742 3138 885 3211 utilitas
904 3150 964 3211 est
979 3162 1065 3212 mea
1082 3148 1173 3211 nota
1189 3136 1294 3210 mibi.
1426 3120 1435 3130 ’
1481 3138 1531 3205 46

477 3249 602 3325 Crede
620 3252 724 3338 mihi,
745 3254 901 3329 miseros
920 3255 1122 3353 prudentia
1138 3254 1260 3353 prima
1276 3252 1469 3351 relinquit,

526 3365 578 3439 Et
595 3392 729 3442 sensus
748 3394 835 3443 cum
853 3394 893 3444 re
911 3370 1187 3469 consiliumque
1205 3368 1312 3466 fugit.

507 3551 547 3599 28.
562 3551 640 3606 Qunam
648 3552 702 3602 Dee
710 3552 814 3602 Pierides
819 3554 977 3619 perdocuere]
1029 3556 1116 3605 Noster
1127 3554 1158 3604 ed
1168 3554 1279 3604 Gracam
1289 3553 1404 3619 originem
1415 3551 1528 3600 memm-

474 3624 577 3681 Dslesti,
592 3625 678 3691 inquit.
698 3636 723 3676 et
744 3637 770 3677 tu
791 3628 903 3693 quedam
925 3644 978 3678 meo
1027 3628 1066 3678 tis.
1100 3630 1191 3678 Herus.
1225 3628 1528 3677 Inuictononestmoven·

472 3696 595 3749 sdmonitu
612 3700 637 3749 in
647 3699 776 3750 anscide
794 3710 843 3759 tua,
855 3718 909 3767 quse
926 3712 978 3752 erut
1027 3702 1101 3763 dum;
1118 3718 1175 3751 nsm
1185 3702 1312 3751 vincuntur
1327 3700 1416 3757 omnis,
1426 3716 1480 3765 quse
1491 3699 1530 3749 vel

473 3770 547 3836 digua
557 3783 652 3841 propter
662 3774 833 3825 sublimitatem
846 3778 977 3842 comparui
1026 3776 1084 3825 vitio
1091 3775 1202 3842 quodam,
1210 3775 1248 3824 vel
1257 3774 1368 3841 temporis
1373 3773 1529 3822 diuturnitate

472 3845 579 3894 versibus
597 3846 702 3904 Homeri,
714 3857 739 3896 et
756 3848 828 3897 scribi
845 3848 870 3897 in
891 3849 977 3898 iisdem
1026 3851 1343 3917 diminuunturstpereunt.
1376 3850 1466 3898 Bona.
1572 3857 1576 3866 ¹

472 3916 569 3973 chartis,
589 3918 613 3967 in
633 3920 722 3984 quibus
743 3921 837 3987 scripsit
858 3922 976 3973 Homerus
1058 3928 1099 3975 38,
1111 3925 1291 3989 Ηίεσιιπιιιίυ]
1304 3923 1527 3988 Magnuscumulus

471 4006 531 4057 opus
541 4007 618 4049 suum,
629 4009 659 4042 ex
670 4008 717 4058 quo
728 4010 815 4059 magna
829 4004 866 4044 est
875 3996 974 4046 Tutica·
1025 3998 1057 4049 sd
1067 3994 1173 4048 miserias
1183 4014 1249 4048 mess
1256 4000 1390 4056 secederet,
1401 3998 1421 4047 si
1431 4006 1456 4047 te
1467 3998 1527 4046 arni·

472 4064 497 4112 ni
508 4064 569 4123 laus,
578 4066 645 4131 cujus
656 4067 761 4116 carmine
771 4068 906 4118 Homericis
921 4085 973 4119 esr-
1024 4090 1079 4123 cum
1089 4074 1221 4139 perderem.
1254 4073 1332 4123 Posr.

471 4137 575 4189 minibus
585 4140 651 4205 paris
661 4138 733 4189 luisse
744 4141 812 4190 dicit.
847 4142 943 4191 Mrem.
1056 4149 1098 4196 43.
1117 4148 1169 4196 Nisi
1189 4150 1265 4195 diem
1284 4150 1321 4194 ota
1341 4145 1395 4210 est]
1422 4144 1528 4195 Difficile

504 4214 545 4261 ³2.
556 4214 646 4264 Inuicto
653 4214 732 4264 clauso
742 4217 969 4281 adamanteputem]
1023 4229 1060 4270 est
1070 4236 1196 4287 exponere.

471 4286 536 4336 Libri
548 4288 838 4346 nonnulliveterss,iaor'to
848 4298 872 4339 st
882 4294 971 4341 invecto
993 4338 995 4341 Α
1055 4296 1095 4343 te.
1109 4293 1526 4358 Etrcususcumrseomtliumpucsn·

469 4364 605 4412 adamante:
629 4361 694 4413 unde
716 4361 762 4412 luit
776 4378 856 4437 ¹quum
876 4367 973 4414 inducto
1021 4366 1080 4432 gia]
1100 4366 1382 4430 Camspsscribendnm;
1400 4383 1528 4417 namnum
1623 4383 1631 4397 ·

469 4436 591 4486 adamam
601 4452 721 4487 censerem
735 4454 786 4487 esse
800 4440 970 4504 reponendum,
1023 4439 1102 4489 Vossii
1117 4458 1169 4489 cum
1189 4452 1218 4499 tc,
1229 4441 1339 4491 Medonii
1354 4458 1417 4491 unus
1429 4460 1481 4490 cum
1496 4460 1528 4492 ss·

470 4522 534 4557 nuuc
545 4521 624 4559 tamen
634 4510 756 4575 vulpntam
768 4512 909 4577 scripturam
924 4528 972 4562 non
1022 4514 1113 4564 Herus.
1146 4516 1249 4565 Minime
1264 4515 1406 4565 mutandum
1421 4534 1473 4565 curs
1487 4535 1528 4566 re:

470 4596 522 4630 csse
545 4585 683 4635 mutandam
701 4584 790 4651 opinor,
809 4594 836 4635 ut
858 4587 973 4637 sdluserit
1022 4586 1057 4637 its
1067 4584 1131 4638 cn'im
1141 4590 1238 4641 Terent.
1249 4590 1360 4641 Eunucb.
1370 4590 1405 4641 11.
1418 4592 1456 4639 lt.
1466 4592 1498 4640 9:
