3609 5967
457 772 527 843 loe·
745 773 790 839 P.·
816 771 979 839 OVIDII
1003 771 1215 839 NASONIS

456 946 563 1022 Tunc
587 947 712 1023 animo
734 946 855 1045 signa,
873 946 1141 1045 quodcumque
1163 946 1202 1020 in
1223 970 1379 1046 corpore
1393 969 1501 1023 rnen-

507 1064 742 1163 Luminaque
758 1064 799 1139 in
811 1062 912 1138 vitiis
931 1064 1028 1138 illius
1047 1088 1169 1162 usque
1189 1074 1289 1139 tene.
1331 1064 1407 1161 [dte
1419 1072 1493 1138 est:

456 1179 629 1256 Forsitan
655 1182 736 1254 haeo
771 1180 907 1278 aliquis
934 1182 1038 1277 (nam
1072 1191 1161 1255 sunt
1186 1180 1357 1279 quoque)
1381 1202 1497 1278 parva

603 1297 774 1373 vocabit:

505 1412 595 1500 Sed,
614 1436 700 1510 quoe
717 1436 792 1486 non
808 1424 967 1512 prosunt
983 1411 1143 1510 singula,
1162 1411 1282 1486 multa
1295 1413 1444 1509 juvant.

454 1528 576 1603 Parva
592 1540 703 1603 necat
719 1553 846 1603 morsu
862 1529 1071 1628 spatiosum
1083 1529 1212 1627 vipera
1227 1538 1392 1602 taurum:
1420 1528 1490 1599 421
1558 1529 1561 1540 “

502 1644 538 1717 Α
554 1669 649 1719 cane
665 1668 747 1718 non.
757 1668 895 1741 magno
913 1668 1016 1742 saepe
1034 1654 1183 1719 tenetur
1201 1666 1303 1741 aper.

452 1759 511 1833 Tu
529 1770 676 1833 tantum
693 1783 849 1835 numero
862 1783 1009 1858 pugna3
1039 1770 1305 1858 praeceptuque
1322 1758 1362 1832 in
1378 1780 1493 1831 unum

503 1875 715 1950 Contrahe:
744 1876 793 1952 de
810 1874 940 1969 multis
958 1874 1110 1972 grandis
1128 1898 1282 1951 acervus
1299 1872 1383 1951 erit.

451 1990 529 2067 Sed
547 1992 724 2089 quoniam
740 2014 863 2066 mores
880 1990 1053 2077 totidem,
1072 1989 1311 2087 totidemque
1327 1987 1473 2086 fignrae3

500 2107 589 2181 Non
605 2119 694 2182 sunt
702 2107 855 2206 judiciis
871 2106 999 2183 omnia
1013 2107 1141 2183 danda
1155 2106 1265 2181 meins
1416 2108 1491 2180 426

451 2223 537 2309 Quo
553 2235 621 2298 tua
636 2248 712 2298 non
730 2234 890 2324 possunt
906 2222 1047 2299 offendi
1068 2232 1221 2321 pectora
1237 2221 1358 2310 saeto3

501 2338 674 2412 Forsitan
687 2339 758 2413 hoe
776 2339 850 2413 alio
862 2337 995 2436 judice
1011 2338 1154 2413 crimen
1172 2338 1256 2414 erit.

451 2452 522 2529 Ille
539 2454 643 2550 quod
660 2455 856 2528 obscaenas
872 2454 912 2527 in
929 2464 1059 2553 aperto
1076 2475 1232 2551 corpore
1249 2460 1377 2550 partes

500 2568 673 2660 Viderat3
703 2570 743 2644 in
760 2593 873 2645 eursu
889 2568 956 2667 qui
973 2568 1056 2655 suit,
1076 2567 1185 2644 haesit
1201 2591 1322 2643 amor:
1418 2570 1492 2643 430

450 2683 521 2759 Ille
539 2686 654 2783 quod,
673 2709 696 2760 a
712 2685 871 2761 Veneris
889 2686 1001 2761 rebus
1019 2694 1195 2782 surgente
1212 2684 1351 2784 puelli,

497 2800 606 2876 Vidit
624 2802 663 2876 iu
681 2802 875 2878 immundo
893 2802 1003 2900 signa
1019 2801 1198 2901 pudenda
1213 2812 1307 2877 toro.

449 2915 605 3004 Ludius,
624 2917 660 3005 ὀ,
679 2917 712 2991 si
729 2942 826 3015 quos
843 2928 1048 3018 potuerunt
1064 2918 1138 2992 ista
1155 2940 1315 2991 movere.

494 3032 692 3108 Adflarant
708 3033 846 3132 tepidae
863 3042 1020 3132 pectora
1031 3044 1157 3111 vestra
1173 3031 1288 3110 faces.

443 3149 619 3223 Attrahat
634 3149 698 3223 ille
716 3172 809 3248 puer
826 3158 1026 3224 contentos
1043 3147 1174 3222 fortius
1192 3171 1323 3222 arcun:
1412 3150 1485 3219 435

499 3266 639 3339 Saucia
655 3266 835 3363 majorem
853 3266 965 3339 turba
981 3264 1120 3365 petetis
1138 3288 1263 3363 opem.

448 3379 574 3465 Quid?
601 3380 667 3475 qui
685 3380 783 3455 clam
801 3380 923 3469 latuit,
943 3380 1126 3456 reddente
1143 3380 1320 3453 obscaena
1336 3378 1485 3477 puellir;

498 3495 549 3568 Et
565 3495 670 3583 vidit,
690 3521 774 3594 quae
792 3522 874 3571 mos
892 3496 975 3596 ipse
992 3496 1120 3571 videre
1137 3495 1265 3570 vetat?

446 3610 496 3685 Di
514 3611 659 3700 melius,
679 3636 792 3711 quarn
811 3638 879 3687 nos
897 3638 1117 3690 moneamus
1132 3613 1223 3689 talia
1241 3612 1486 3711 quemquam!

498 3728 552 3800 Ut
568 3727 724 3827 prosint,
743 3752 819 3802 non
837 3740 924 3803 sunt
940 3729 1172 3829 experienda
1188 3740 1329 3803 tamen.
1415 3733 1489 3802 440

443 3924 557 3983 Petronii,
571 3942 624 3993 cap.
635 3927 667 3977 ir.
680 3936 704 3977 et
719 3927 818 3979 lmr'ri.
828 3937 940 3979 notarunt
989 3930 1085 3989 cratian
1097 3930 1173 3980 Robur
1188 3930 1290 3995 Venonii
1303 3932 1382 3979 dediti.
1401 3930 1489 3979 Burri.

441 4000 486 4049 viri
505 4000 578 4058 docti,
595 4016 642 4050 non
661 4018 714 4051 rum
734 4003 834 4053 nescius.
862 4002 940 4053 etita
1022 4004 1077 4053 435.
1096 4005 1206 4053 Attrahot
1220 4006 1261 4053 tua
1272 4004 1351 4069 poen]
1371 4004 1486 4060 romae,

442 4070 939 4126 etiaminfraNostrumverr.779.eodem
989 4078 1093 4125 attrahat
1126 4076 1221 4126 rectius.
1256 4078 1341 4127 Nino.
1379 4077 1487 4125 Attrohet

439 4163 511 4197 sensu
533 4147 598 4197 Ferit
619 4150 719 4199 Atrides.
748 4157 829 4199 tamen
848 4150 887 4199 hie
909 4166 938 4199 er
988 4152 1069 4217 scripti
1079 4152 1196 4202 meliores.
1214 4153 1303 4203 Harrrr.
1320 4152 1486 4216 rgonrratar

440 4238 505 4272 more
520 4222 602 4271 Ovidii
618 4224 694 4289 repeti
706 4223 793 4273 debere
805 4224 869 4274 idem
883 4241 937 4274 ver·
988 4226 1075 4276 rectius
1090 4236 1155 4293 puto.
1172 4243 1213 4276 vos
1227 4227 1309 4277 luditis
1324 4236 1348 4275 et
1363 4224 1485 4282 deridetis,

440 4296 624 4347 bumeniatinrn.
656 4299 746 4347 Bunrr.
989 4301 1030 4366 qui
1041 4300 1133 4351 modice
1144 4302 1239 4368 tepetis,
1250 4319 1297 4359 me,
1307 4300 1347 4367 qui
1358 4300 1383 4349 in
1394 4299 1430 4349 hia
1439 4300 1487 4349 vim

472 4374 530 4421 431.
555 4374 576 4421 Δ
604 4371 696 4421 Venerio
717 4373 803 4437 reboo]
831 4373 862 4422 ln
889 4388 937 4422 uno
988 4375 1093 4441 aliquam
1104 4376 1229 4441 enejacto
1239 4378 1269 4427 ab
1279 4391 1358 4426 amore
1373 4390 1486 4424 revocan-

440 4446 573 4505 Heinsii,irr
586 4448 678 4497 Venerio
687 4464 741 4504 ura,
751 4448 808 4498 inde
819 4446 860 4497 ille
871 4447 936 4505 olim,
987 4448 1025 4511 di3
1042 4449 1085 4498 aed
1099 4450 1202 4499 attrahat
1218 4450 1286 4500 modo
1301 4448 1395 4515 Cupido
1410 4465 1487 4505 arcun

440 4520 937 4588 luraeonj'rciebat.utsupr.reru.³76.red
987 4530 1012 4571 et
1030 4523 1124 4587 gravius
1143 4523 1260 4581 vrdneret,
1277 4523 1328 4589 jain
1347 4521 1486 4571 validiorem

438 4611 472 4644 m
488 4596 578 4646 Vm
594 4612 625 4646 ne
640 4612 747 4647 moveas.
764 4596 800 4646 ita
814 4612 877 4663 supe
888 4596 935 4645 Lu-
986 4596 1127 4647 medicinam
1138 4597 1231 4663 petetis.
1264 4598 1354 4647 Burri.
