3609 5967
426 762 496 827 ux
521 760 683 828 rouro
710 760 800 827 nm.
825 724 898 827 1'v.'
913 761 1060 828 uersu.
1083 755 1183 829 xi·
1237 765 1318 829 arr

155 936 164 953 ⁸
261 933 338 1007 Sed
352 936 590 1034 praestandus
608 958 725 1022 amor,
744 959 805 1010 res
821 959 896 1009 non
915 959 1075 1034 operosa
1090 935 1244 1011 volenti.

310 1049 405 1135 Quis
422 1052 529 1126 labor
545 1060 604 1125 est
622 1075 755 1150 puram
772 1075 848 1126 non
865 1062 1071 1126 temerasse
1089 1049 1229 1127 fidem?

261 1163 355 1240 Haec
373 1166 455 1253 tibi,
474 1166 541 1265 qui
558 1177 705 1266 perstas
723 1167 976 1243 indeclinatus
996 1166 1130 1253 amico,

310 1281 347 1354 N
349 1305 398 1356 on
415 1293 474 1357 est
492 1282 595 1380 quod
612 1283 741 1379 lingua
754 1284 857 1358 dicta
874 1294 1058 1382 querente
1076 1293 1202 1382 putes.

574 1769 905 1845 EPISTOLA
943 1771 1015 1844 ΧΙ.

640 1956 660 1995 *
685 1951 936 2018 GALLIONI.

262 2108 443 2195 Gannw,
462 2105 693 2182 crimenerit
710 2106 773 2178 vix
791 2107 1011 2182 excusabile
1030 2108 1151 2196 uobis,

311 2224 489 2299 Carmine
506 2235 545 2298 te
562 2246 700 2298 nornen
717 2246 792 2296 non
810 2222 990 2296 habuisse
1008 2247 1106 2298 meo,

260 2340 318 2414 Tu
336 2365 490 2439 quoque
507 2338 620 2425 enim,
640 2336 807 2423 memini,
827 2337 973 2411 coelesti
991 2338 1149 2437 cuspide
1166 2340 1270 2415 facta

312 2456 452 2532 Fovisti
470 2456 647 2556 lacrymis
664 2455 819 2528 vulnera
837 2463 966 2527 nostra
981 2453 1069 2529 tuis.
1225 2540 1231 2550 ,

262 2574 389 2672 Atque
406 2572 563 2659 utinam,
583 2570 680 2671 rapti
694 2573 845 2668 jactura
857 2569 970 2642 laesus
989 2569 1113 2657 amici,
1292 2576 1315 2645 5

313 2689 507 2764 Sensisses
524 2688 634 2776 ultra,
654 2686 757 2785 quod
776 2707 988 2785 quererere,
1008 2685 1122 2759 nihil!

263 2804 350 2880 Non
364 2805 419 2879 ita
437 2805 507 2878 Dls
525 2802 681 2902 placuit,
701 2801 822 2900 quite
840 2799 1002 2899 spoliare
1021 2801 1161 2900 pudiea
1179 2834 1183 2847 ¹

312 2921 487 3020 Conjuge
503 2919 678 2994 crudeles
695 2940 770 2991 non
787 2916 955 2991 habuere
973 2914 1090 2990 nefas.

264 3034 409 3111 Nuntia
426 3060 513 3110 nam
530 3036 655 3109 luctus
672 3033 765 3107 mihi
782 3055 904 3130 nuper
921 3030 1089 3129 epistola
1098 3032 1214 3121 venit,

314 3151 508 3252 Lectaque
522 3174 609 3225 cum
627 3147 806 3245 lacrymis
824 3156 914 3220 suut
931 3156 999 3221 tua
1014 3147 1155 3221 damna
1168 3148 1275 3224 meis.

264 3268 340 3343 Sed
359 3292 485 3367 neque
503 3260 730 3367 prudentem
748 3263 861 3338 solari
876 3263 1027 3337 stultior
1044 3264 1178 3351 ausim,
1270 3269 1311 3338 ll

313 3384 518 3484 Verbaque
535 3383 733 3458 doctorum
749 3390 840 3453 nota
856 3377 994 3452 referre
1012 3378 1104 3452 tibi:

263 3660 435 3702 memorantur:
453 3666 516 3700 unm
535 3649 700 3707 Acbaicm‚in
718 3664 766 3713 qno
816 3644 896 3695 etitem
903 3642 1318 3696 locitTacitm.Hnrus.Galliouern

263 3724 531 3791 tuitCorintbus,quem
543 3724 692 3792 bicOvidios
701 3724 767 3790 prius
816 3718 956 3768 familiarem
973 3717 1046 3768 fuhw
1063 3719 1157 3767 Nmni
1172 3716 1271 3785 tdpmt
1287 3737 1317 3769 ex

263 3799 360 3849 minim
374 3799 489 3866 *pervium
512 3799 584 3850 fuine
603 3798 678 3849 dicit:
706 3799 766 3848 alter
816 3793 913 3842 Seneca
929 3791 947 3840 i.
964 3791 1058 3841 Suuor.
1074 3795 1121 3841 tor
1136 3802 1214 3841 ouum
1230 3795 1321 3844 ductat

264 3890 319 3924 vero
327 3874 612 3925 lstbmmett‘l’hrecius.
817 3867 897 3915 0⁰¹¹&
920 3865 1009 3914 ΝΜ
1034 3882 1075 3916 ⁸¹¹⁰
1100 3867 1167 3915 ’Μ’
1188 3869 1317 3929 Pl⁰⁶¹⁴5⁸⁸03

816 3939 871 3990 vide
882 3939 980 3991 Remos.
992 3940 1023 3990 ad
1035 3941 1101 3990 lose.
1112 3940 1145 3991 cl.
1152 3941 1170 3990 i.
1177 3942 1217 3991 99.
1228 3960 1252 4010 p.
1266 3945 1320 3996 137.

297 4014 312 4043 ⁵
329 4011 481 4076 Generosa]
498 4011 586 4063 sanius
594 4010 765 4061 Galliodictuo
848 4016 872 4064 ³.
898 4015 988 4064 Catari
1006 4015 1121 4080 turpida]
1148 4015 1238 4065 Divino
1261 4017 1320 4076 ictu.

264 4094 314 4136 est:
332 4084 488 4152 isedoptuvir
498 4089 535 4136 M.
546 4086 666 4135 nonum
680 4086 762 4135 Nova·
814 4089 887 4137 Mra.
915 4088 1035 4153 cmpidrm
1056 4105 1114 4155 ergo
1131 4099 1203 4140 vocnt
1219 4090 1320 4141 Ceteris

263 4168 324 4216 turo,
334 4160 430 4209 Seneca
447 4160 551 4217 tratrem,
562 4160 604 4226 qui
620 4175 650 4209 ex
667 4159 710 4209 illo
718 4160 764 4210 Ju·
815 4162 1041 4214 adversusreimm.
1074 4164 1154 4213 Pom.
1268 4216 1271 4223 ,

204 4273 208 4283 .
263 4232 318 4282 nius
334 4233 415 4285 Gallio
430 4242 467 4283 est
483 4234 571 4284 dictus.
603 4232 766 4282 ambianum
851 4239 888 4286 10.
907 4237 958 4287 Tuo
975 4238 1081 4302 doum]
1101 4236 1188 4287 Uxoris
1205 4246 1253 4286 tun
1267 4238 1318 4287 obi-

265 4306 398 4357 Cbronicon
410 4309 440 4357 B.
451 4307 600 4373 Hieronymi,
608 4308 697 4356 luniso
708 4308 767 4356 Gol-
817 4318 864 4367 tos,
872 4311 914 4376 qui
927 4311 970 4359 tibi
980 4311 1094 4361 damnum
1105 4310 1202 4359 adtulit.

264 4383 303 4437 lio.
306 4382 391 4447 frater
398 4382 495 4439 Seneca,
505 4385 611 4449 egrogios
620 4383 767 4437 declamator,
852 4385 891 4432 la
911 4385 983 4434 Verbo
997 4384 1136 4447 doctorum]
1156 4383 1230 4433 Dicta
1242 4384 1316 4451 scrip·

264 4459 357 4517 proprio
374 4472 398 4505 u
414 4473 484 4504 mono
503 4456 631 4522 interjecit,
648 4455 720 4504 refert
736 4453 767 4502 cd
816 4467 894 4507 torum
900 4467 926 4508 ct
934 4458 1134 4524 philosophorum,
1141 4458 1232 4508 ratione
1240 4469 1320 4510 osten-

265 4529 367 4579 eundem
386 4546 484 4587 annum,
500 4547 547 4596 quo
564 4531 676 4580 Lucanus
696 4544 767 4578 occu·
817 4529 933 4587 dentium,
947 4531 1054 4580 homines
1071 4548 1118 4582 nou
1137 4532 1224 4583 debera
1241 4549 1319 4601 prooe-

265 4603 330 4654 buit:
351 4604 418 4669 atqui
428 4605 565 4655 Gallionem
576 4608 674 4655 Seneca
685 4617 766 4668 ruper-
817 4603 858 4669 qui
867 4613 970 4653 mortuos
980 4602 1098 4671 lacrymis.

914 4678 983 4728 Lea
