3609 5967
460 732 527 798 242
757 730 797 794 P.
821 722 985 805 0v11>11
1008 723 1222 793 NASONIS
1246 768 1250 777 ·

462 903 660 1002 Quidquid
677 912 776 1001 aget,
788 925 909 999 quum
927 886 966 976 te
984 899 1112 975 scierit
1125 899 1286 989 venisse,
1302 901 1511 1003 relinquet3

515 1020 598 1096 Nee
613 1043 739 1095 mora:
762 1017 857 1117 quid
869 1017 1013 1105 venias,
1028 1018 1180 1116 quidve,
1197 1018 1376 1117 requiret,
1390 1045 1512 1119 agam.

463 1136 600 1213 Vivere
617 1161 679 1211 me
697 1135 824 1225 dices;
854 1134 924 1210 sed
940 1134 1008 1222 sio,
1027 1145 1071 1208 ut
1085 1135 1210 1210 rivere
1228 1136 1366 1224 nolim3

513 1254 596 1329 Nec
615 1253 716 1328 mala
732 1263 814 1329 tam
825 1253 940 1350 longa
956 1260 1086 1325 nostra
1102 1251 1226 1326 levata
1241 1276 1370 1328 mora:

465 1370 516 1444 Et
532 1383 662 1447 tamen
678 1370 727 1445 ad
745 1367 893 1457 Musas,
913 1367 1085 1465 quamvis
1103 1385 1280 1455 nocuere,
1299 1369 1447 1456 reverti,

512 1485 691 1584 Aptaque
708 1484 746 1558 iu
764 1485 929 1579 alternos
946 1504 1083 1581 eogere
1099 1484 1216 1559 verba
1232 1484 1363 1583 pedes,
1469 1488 1514 1557 10

461 1600 520 1677 Tu
544 1625 711 1700 quoque,
736 1601 811 1689 dic,
836 1600 975 1676 studiis
999 1601 1264 1677 communibus
1290 1600 1430 1700 ecquid
1457 1599 1512 1677 in-.

612 1717 745 1806 haeres,
785 1815 787 1819 ἢ

512 1818 806 1930 Doctaque'non
824 1830 947 1930 patrio
966 1831 1134 1906 carmina
1151 1854 1255 1906 more
1271 1831 1404 1906 canisi

379 2027 386 2035 ,
463 1949 563 2024 Nam
582 1948 650 2023 tibi
667 1973 756 2023 cum
773 1948 861 2023 latis
879 1972 1004 2030 mores
1021 1959 1157 2024 natura
1173 1948 1347 2049 pudicos,

511 2065 562 2140 Et
578 2089 680 2139 raras
698 2065 819 2153 dotes,
839 2062 1110 2162 ingeniumque
1127 2064 1248 2139 dedit.

462 2180 545 2255 Hoc
564 2205 635 2277 ego
654 2179 863 2277 Pegasidas
882 2178 1026 2255 deduxi
1044 2179 1188 2278 primus
1207 2179 1256 2255 ad
1272 2178 1406 2267 undas,
1468 2184 1512 2254 15

392 2290 398 2299 ’
511 2296 574 2371 Ne
592 2296 691 2371 male
708 2295 881 2371 fecundae
900 2280 1155 2393 vena¹periret
1172 2318 1294 2393 aquae:

461 2413 612 2486 Primus
630 2412 670 2486 id
688 2411 848 2511 adspexi
865 2410 1007 2486 teneris
1025 2411 1065 2486 iu
1081 2410 1236 2508 virginis
1253 2410 1375 2501 annia,

511 2528 643 2626 thue
660 2539 780 2628 patet,
799 2551 905 2603 venae
923 2528 1081 2626 duxque
1099 2551 1305 2625 comesque
1322 2526 1390 2603 lui.

460 2644 573 2742 Ergo,
592 2645 625 2720 si
643 2654 840 2727 remanent
857 2645 965 2742 ignes
983 2644 1054 2723 tibi
1072 2644 1235 2744 pectoris
1252 2644 1367 2733 idem,

512 2761 603 2836 Sola
620 2770 728 2839 tuum
744 2772 851 2836 vates
869 2758 1010 2836 Lesbia
1026 2761 1153 2836 vincet
1168 2784 1278 2858 opus.
1463 2765 1512 2833 20

489 3020 516 3069 9.
532 3018 773 3084 uiduarum]
791 3017 959 3070 Urcarolibros
1007 3018 1079 3069 modo
1093 3018 1147 3069 hac
1166 3016 1256 3069 Parilis
1271 3016 1352 3069 Ovidii
1367 3016 1419 3069 ilia
1434 3017 1512 3068 luerit.

456 3102 691 3144 suoaroeatrelsras
701 3094 826 3144 amiculus.
1011 3094 1126 3143 Harum.
1537 3134 1540 3137 .

490 3170 530 3219 ll.
554 3169 643 3219 Studiis
664 3169 839 3233 ooassraaidaa]
867 3167 960 3220 studiis
1043 3168 1083 3217 ll.
1101 3167 1133 3216 m
1148 3182 1216 3215 ram
1230 3166 1313 3230 dorm]
1332 3165 1405 3215 Caras
1422 3166 1512 3232 primu

456 3240 572 3307 poeticis:
590 3259 645 3309 quas
659 3242 717 3292 mihi
729 3251 808 3293 rmum
822 3242 969 3297 eommunis.
1008 3241 1090 3291 Vatia.
1101 3239 1277 3306 Rottaudorpla.
1291 3247 1317 3288 et
1328 3239 1454 3306 Getam-ph.
1463 3241 1511 3288 ela·

455 3324 519 3365 aaut.
547 3317 749 3381 Baquldiulm.
766 3316 902 3384 Numquid
913 3317 960 3366 das
1007 3313 1237 3365 marchaliam:
1253 3322 1321 3380 pato,
1337 3313 1511 3365 charada«.
1564 3341 1572 3349 ·

455 3392 570 3456 oparami
1009 3388 1206 3455 &pellaciam
1215 3386 1333 3452 marsalia
1342 3385 1512 3453 scriptiones

490 3466 530 3515 la.
547 3458 960 3530 Noaposrioarora]eridsit,dis-
997 3471 1036 3513 ‘et
1053 3463 1135 3528 prima
1156 3461 1282 3521 aditiones,
1296 3477 1345 3512 non
1365 3478 1418 3512 casa
1429 3461 1511 3526 sads.-

455 3548 542 3606 putans
556 3539 706 3606 interpretes.
739 3540 889 3590 Cioiauluse
906 3540 960 3590 ood.
1010 3538 1053 3588 sed
1071 3546 1198 3602 atramque
1214 3546 1316 3586 rectum.
1349 3536 1445 3585 Narrare
1458 3553 1511 3585 sara

457 3614 538 3666 vatic.
557 3615 685 3666 rescribere
703 3615 774 3680 Jubes
792 3631 849 3663 sasso
863 3616 960 3678 patrio?
1001 3612 1067 3676 satis
1083 3612 1155 3667 (ladit,
1166 3626 1217 3675 pro,
1233 3618 1319 3660 ustura
1331 3617 1359 3659 er
1371 3610 1423 3658 lala
1437 3607 1510 3659 dada·

455 3689 542 3754 reliqui
557 3708 604 3739 amr
619 3692 697 3752 patrio
716 3687 846 3738 ratimutes
866 3689 960 3740 diverso
1009 3693 1079 3735 rorat:
1102 3684 1134 3734 de
1156 3684 1218 3735 facia
1237 3686 1291 3751 ojus
1310 3692 1336 3734 et
1356 3684 1440 3740 torma,
1457 3692 1511 3749 post

456 3760 960 3829 modoexplieant‚Heirrsius,qaiapoettia
1009 3769 1073 3826 aget.
1104 3760 1195 3810 Harae.

455 3836 519 3901 apud
531 3836 652 3885 Romanos
663 3852 701 3886 ras
712 3835 890 3886 airusalem:
908 3837 959 3886 Mi·
1044 3837 1082 3884 15.
1099 3834 1172 3898 Hm]
1190 3833 1289 3884 Scilicet
1301 3841 1369 3884 tuam
1378 3833 1509 3898 ingenium.

455 3908 533 3973 cyllus
558 3918 584 3959 at
608 3911 734 3976 Verpoort.
759 3909 817 3974 quia
847 3911 959 3977 nampio
1008 3909 1047 3957 Aa
1072 3911 1148 3958 sudas
1177 3909 1310 3974 Pegasidas.
1350 3908 1391 3958 Ad
1421 3908 1509 3957 iontem

454 3983 576 4049 Sapphus,
587 3998 691 4049 quacum
702 3990 825 4049 oomparst
834 3983 900 4032 illam
909 4000 958 4035 ver.
1008 3982 1143 4040 Musarum,
1159 3997 1231 4048 quam
1248 3998 1325 4047 aquus
1339 3981 1417 4032 alatas
1433 3983 1510 4046 Paga·

455 4058 496 4108 20.
507 4057 583 4123 lyrica
593 4057 702 4123 scripsit3
719 4057 783 4123 qood
793 4057 905 4107 carminis
914 4075 958 4123 ge·
1007 4073 1057 4114 aas,
1067 4056 1129 4123 pade
1140 4057 1231 4108 fodiem
1242 4057 1330 4107 affecit.
1346 4057 1461 4107 Fabulam
1472 4073 1509 4107 ra·

455 4147 500 4181 uus
510 4132 626 4181 Romanis
641 4142 698 4182 anta
708 4131 834 4182 Horatium
847 4148 894 4181 non
905 4143 958 4184 erat
1010 4131 1056 4181 tarr
1073 4131 1200 4197 Hygiam
1224 4131 1297 4182 Ovid.
1318 4132 1361 4182 lib.
1378 4131 1411 4181 iv.
1428 4132 1509 4183 Mara-

455 4206 576 4256 usitatum.
594 4206 677 4257 Horat.
694 4206 728 4256 iii.
743 4206 792 4257 0d.
809 4208 850 4257 30.
868 4208 907 4257 lo.
925 4206 958 4257 ir.
1008 4206 1099 4273 morph.
1121 4206 1240 4271 Dasiguar
1259 4214 1341 4256 aurem
1362 4205 1465 4257 Ovidius
1482 4222 1508 4254 sa

454 4280 480 4329 9.
493 4280 563 4331 aiii.
580 4283 601 4330 l.
617 4283 642 4330 2.
675 4281 771 4331 Merula
787 4279 902 4346 iutelligit
919 4282 956 4330 la·
1006 4279 1108 4346 primum
1125 4280 1198 4330 tiliam
1217 4281 1326 4331 domim
1342 4289 1418 4331 artam
1431 4280 1507 4347 poari-

453 4355 530 4406 seivos
546 4372 664 4414 numeror,
675 4356 763 4422 quibus
776 4354 957 4422 pater.0ridirs
1006 4370 1069 4404 cam.

454 4445 510 4479 ssua
522 4431 582 4491 lain
600 4430 639 4481 cui
654 4429 844 4496 interpretationi
855 4444 904 4478 rer.
915 4430 956 4479 27.
1040 4430 1078 4479 19.
1105 4427 1169 4479 Idsar
1196 4429 1280 4496 ignes]
1312 4430 1391 4480 lidam
1417 4429 1509 4479 alass

453 4504 593 4569 respondere
612 4504 714 4561 videtur,
735 4511 759 4552 et
776 4501 874 4569 Sappho
895 4518 955 4567 qro-
1006 4503 1142 4569 Apollinei:
1159 4504 1362 4570 mammeam

453 4592 500 4641 que
513 4577 572 4627 ralia
589 4579 728 4645 consmipsil
745 4577 866 4628 cumina:
884 4576 955 4626 dum·
