3609 5967
427 794 497 859 EX
521 791 684 858 PON'l'O
707 791 799 859 LIB.
824 791 874 856 11.
899 792 1045 859 EPIST.
1070 792 1154 858 Vll.
1250 796 1315 861 425

265 968 432 1043 Praestet
444 979 487 1042 et
503 967 701 1041 exsulibus
719 990 853 1067 pacem
871 975 938 1039 tua
953 966 1094 1053 laurea,
1112 967 1262 1043 Caesar:

318 1084 479 1158 Pontica
495 1083 653 1157 finitimo
672 1094 772 1157 terra
789 1083 860 1156 sub
878 1082 987 1157 hoste
1001 1084 1118 1181 jacet.

265 1200 434 1299 Tempus
453 1200 491 1273 in
508 1223 683 1295 agrorum
700 1200 805 1272 cultu
823 1222 1047 1273 consumere
1064 1199 1177 1272 dulce
1194 1209 1274 1275 est:
1377 1269 1384 1273 .

315 1317 352 1391 N
354 1343 404 1391 on
420 1317 562 1418 patitur
579 1317 674 1391 verti
693 1317 874 1390 barbarus
892 1314 1011 1388 hostis
1029 1317 1198 1389 h'umum.
1265 1321 1315 1389 70
1356 1404 1357 1407 Ἴ

265 1433 465 1534 Temperie
482 1434 569 1507 coeli
586 1456 801 1532 corpusque
818 1431 1041 1529 animusque
1054 1432 1253 1528 juventur:

252 1565 254 1568 ’
317 1549 472 1646 Frigore
490 1558 674 1647 perpetuo
694 1548 878 1622 Sarmatis
896 1569 962 1619 ora
978 1546 1087 1643 riget.
1161 1596 1165 1601 »

267 1664 340 1740 Est
356 1666 394 1738 in
413 1689 514 1763 aqua
530 1664 632 1738 dulci
651 1688 725 1739 non
743 1662 928 1737 invidiosa
943 1661 1139 1760 voluptas:

317 1781 508 1879 AEquoreo
525 1781 668 1855 bibitur
685 1805 773 1854 cum
791 1779 869 1852 sale
887 1774 1001 1850 misia
1018 1777 1139 1875 palus.

268 1895 408 1970 Omnia
424 1896 627 1984 deficiunt;
657 1896 803 1969 animus
822 1904 950 1967 tamen
967 1893 1094 1967 omnis
1104 1892 1238 1968 vincit:
1268 1898 1316 1967 75

317 2011 387 2105 Ille
404 2013 526 2086 etiam*
536 2012 633 2087 vires
650 2036 787 2112 corpus
805 2012 945 2086 habere
961 2009 1065 2084 facit.

268 2127 464 2202 Sustineas
481 2138 525 2205 ut
542 2153 650 2215 onuS,
669 2128 868 2203 nitendum
885 2125 1026 2200 vertice
1044 2126 1156 2224 pleno
1174 2136 1254 2214 est3

316 2243 369 2318 At
384 2244 486 2319 flecti
504 2267 639 2318 nervos
657 2244 690 2316 si
707 2230 865 2341 patiere,
883 2241 1008 2315 cadet.
1069 2283 1075 2289 ·

183 2420 195 2437 ,
268 2362 367 2461 Spes
378 2386 544 2459 quoque,
557 2383 670 2459 posse
683 2384 789 2433 more
801 2360 1001 2433 mitescere
1014 2358 1195 2458 principis
1209 2358 1315 2445 iram,

317 2477 452 2552 Vivere
470 2477 651 2551 ne'nolim
667 2476 1065 2575 deficiamque,cavet.
1269 2481 1318 2548 80

223 2599 226 2605 '
267 2591 305 2665 N
307 2617 352 2667 ec
370 2618 436 2666 vos
453 2617 570 2693 parva
585 2593 686 2667 datis
705 2594 817 2691 pauci
835 2594 970 2667 solatia
987 2591 1109 2678 nobis,

290 2808 294 2812 st
316 2707 487 2793 Quorum
506 2720 678 2809 spectata
694 2720 754 2785 est
771 2735 838 2810 per
855 2712 956 2785 mala
972 2719 1104 2783 nostra
1119 2708 1229 2783 fides.
1260 2708 1263 2715 ⁴

266 2823 405 2923 Coepta
421 2836 521 2911 tene,
534 2850 682 2923 quaeso;
709 2850 779 2900 nec
797 2826 836 2899 in
851 2849 1004 2924 aequore
1016 2824 1150 2898 desere
1163 2848 1331 2899 navemz.

317 2939 462 3037 Meque
480 2942 592 3015 simul
610 2966 729 3029 serva,
744 2942 1009 3040 judiciumque
1028 2952 1148 3015 tuum.
1173 3014 1179 3027 ,

296 3156 338 3203 68.
352 3155 420 3204 Jmt
436 3159 478 3205 rut
495 3158 556 3206 tosto
565 3156 691 3220 finitimo]
708 3158 765 3206 Mn·
814 3172 843 3206 ec
857 3158 877 3207 si
892 3156 973 3207 dicat:
992 3170 1066 3221 quere
1080 3170 1154 3220 quum
1171 3162 1239 3205 unta
1254 3156 1319 3206 mala

265 3238 307 3277 net
323 3230 367 3278 sub
385 3230 452 3280 hoste
470 3231 556 3281 vicino.
590 3232 665 3289 Quasi
681 3231 766 3281 innunt
814 3248 868 3281 men
883 3232 939 3288 sint,
955 3246 1052 3279 necesse
1069 3238 1106 3278 est
1124 3236 1152 3278 ut
1172 3229 1217 3278 sim
1238 3238 1317 3279 erecto

264 3301 354 3367 ubique
370 3312 485 3354 terrerum
506 3320 559 3354 esse
578 3320 663 3371 pacem
681 3322 696 3355 a
711 3307 765 3355 Cae-
814 3305 894 3355 cnitno
904 3305 1005 3363 actoni,
1017 3312 1143 3370 propterea
1154 3303 1317 3369 quodponde-

219 3433 225 3439 ·
265 3380 765 3443 sare‘pertanr,praeterquaminterre,nbi
814 3396 849 3437 ra,
866 3380 917 3428 sive
932 3395 1005 3429 onera
1023 3377 1106 3442 gravia
1120 3376 1231 3429 sustineri
1249 3378 1317 3427 nliter
1348 3384 1357 3389 '

265 3450 400 3500 exsulabat.
519 3506 524 3517 x
815 3470 862 3504 non
876 3454 975 3520 possint,
986 3468 1059 3520 quarn
1076 3451 1161 3515 siquis
1176 3460 1254 3501 erecto
1265 3468 1316 3501 rer·

298 3526 338 3574 71.
356 3527 764 3590 Temperiecoeticorpnrqroennimroe·
815 3529 863 3577 tice
889 3527 1014 3584 connixus,
1036 3540 1065 3575 ea
1091 3524 1117 3575 in
1143 3542 1168 3574 se
1195 3524 1318 3593 suscipiet.

264 3600 330 3663 qne]
349 3600 451 3665 Oportet
460 3600 540 3649 locum
550 3600 638 3665 eligere
649 3608 764 3665 tempera·
814 3604 913 3651 Mrcrn.

265 3680 324 3729 tum,
334 3672 366 3721 sd
376 3672 538 3741 salubritatem
553 3673 656 3739 corporis
671 3688 765 3722 conser-
844 3678 888 3724 el.
907 3674 956 3724 Nec
971 3691 1008 3723 vos
1022 3690 1095 3735 parva
1110 3673 1191 3737 dote]
1211 3672 1317 3738 Aequic-

265 3744 376 3804 vsndem,
386 3755 412 3796 et
419 3746 518 3812 proinde
527 3747 601 3796 etism
612 3745 707 3795 mentis.
815 3749 905 3799 scimus
920 3748 1002 3805 etiem,
1018 3746 1105 3812 inquit,
1120 3748 1202 3797 vestris
1219 3747 1317 3805 solatiis,

236 3866 238 3870 ,
298 3822 339 3867 74.
363 3820 457 3883 Μαι]
483 3820 557 3886 Aque
577 3820 700 3887 palustris:
727 3819 766 3868 vel
815 3821 1154 3887 oemici,quonrmprtesidic
1170 3820 1276 3871 etfidenr
1292 3822 1318 3870 in

266 3910 320 3959 qun
331 3893 416 3943 defluit
424 3910 455 3943 ex
462 3894 579 3943 Meotide
587 3894 768 3962 paludemque
816 3897 886 3946 malis
895 3896 956 3945 meis
966 3902 991 3945 ct
1001 3896 1071 3945 rebus
1080 3895 1159 3945 dubiis
1168 3896 1279 3960 cognovi.

264 3968 336 4017 salse.
847 3972 889 4019 82.
908 3970 1015 4032 δρεπαω
1027 3967 1111 4033 fides]
1136 3969 1281 4035 Metsphora
1302 3968 1332 4019 α’

298 4045 339 4113 'lo-
359 4044 456 4091 Animos
474 4052 550 4091 tamen
568 4043 644 4091 omnin
664 4041 762 4105 vincit]
814 4044 926 4101 metallis,
952 4058 1006 4109 que
1033 4042 1125 4108 proprie
1151 4043 1253 4109 spectni
1280 4043 1317 4092 di-

264 4118 355 4166 Temen
365 4117 446 4165 omnia
455 4117 508 4167 hec
518 4115 669 4166 incommoda
681 4130 767 4181 supero
816 4126 910 4167 cuntur.

265 4190 338 4238 animi
348 4190 494 4240 fortitudine.
848 4194 890 4241 et.
908 4190 1094 4255 ndidemque]
1122 4190 1187 4248 Quia
1200 4188 1315 4255 judicasti

298 4266 338 4313 77.
355 4262 595 4327 δωιὶπωειιεοηιιι]
614 4263 766 4313 Generaliter
815 4282 854 4314 me
864 4266 963 4330 dignum
973 4266 1051 4322 venie,
1060 4274 1103 4313 aut
1112 4262 1250 4312 defensione
1266 4270 1315 4321 tue,
1367 4303 1371 4311 ,

264 4345 290 4387 et
299 4344 427 4404 γνωμικῶς
436 4339 526 4389 dictum
537 4344 604 4405 puto,
615 4347 643 4387 ut
656 4338 687 4387 sit
696 4336 766 4403 quasi
815 4347 840 4388 et
851 4349 893 4389 tun
903 4338 1024 4402 amisium
1040 4338 1080 4387 vel
1091 4336 1155 4402 quod
1165 4338 1247 4387 Cesar
1256 4336 1316 4386 mihi

214 4452 224 4464 .
266 4412 378 4476 quedem
387 4411 464 4463 illatio
479 4412 510 4463 ed
525 4411 655 4478 superiore,
667 4411 765 4477 perinde
814 4412 954 4477 ignosceres
