3609 5967
500 752 567 818 tet
792 748 838 813 Ρ..
856 742 1020 814 OVIDII
1042 743 1258 811 NASONIS

504 924 797 1023 Pectoraquam
814 945 901 995 mea
914 930 1003 995 sunt
1015 919 1112 993 serie
1125 931 1272 995 caecata
1283 886 1476 997 laborum:
1505 926 1555 997 45

555 1036 607 1113 Et
622 1038 715 1112 nihil
734 1037 873 1125 inveni,
892 1034 997 1135 quod
1013 1035 1105 1108 mihi
1123 1034 1238 1110 ferret
1254 1060 1378 1136 opem.

448 1232 455 1239 ,
504 1154 661 1229 Artibus
679 1153 853 1252 ingenuis
871 1151 1032 1249 quaesita
1048 1160 1109 1224 est
1127 1151 1246 1247 gloria
1262 1152 1413 1227 multis:

556 1267 693 1345 Infelix
711 1268 805 1370 perii
824 1268 978 1342 dotibus
995 1268 1078 1368 ipse
1094 1268 1203 1343 meis.

503 1383 593 1460 Vita
609 1385 710 1485 prior
726 1386 818 1459 vitio
835 1393 952 1470 caret,
971 1393 1013 1457 et
1028 1382 1109 1457 sine
1127 1383 1213 1459 labe
1231 1394 1405 1483 peracta:

551 1487 699 1576 ¹Auuilii
717 1502 856 1575 misero
873 1500 927 1573 nil
945 1500 1034 1573 tulit
1050 1500 1115 1575 illa
1131 1501 1236 1576 mihi.
1507 1508 1557 1579 50

506 1616 633 1717 Culpa
649 1617 773 1716 gravis
790 1615 967 1716 precibus
986 1615 1148 1690 donatur
1165 1641 1268 1717 saepe
1285 1642 1459 1695 suorum:

471 1764 480 1771 ·
556 1733 692 1808 Omnis
710 1756 779 1833 pro
797 1733 906 1807 nobis
924 1732 1046 1835 gratia
1062 1744 1169 1808 muta
1184 1732 1268 1808 fuit.

504 1850 673 1948 Adjuvat
688 1850 728 1923 in
744 1848 852 1925 duris
870 1850 963 1939 alios
981 1850 1184 1949 praesentia
1200 1851 1335 1925 rebus:

555 1966 695 2041 Obruit
711 1968 783 2042 hoc
801 1968 943 2042 absens
960 1978 1067 2042 vasta
1084 1966 1252 2066 procella
1268 1978 1396 2066 caput.

505 2080 600 2167 Quae
614 2108 690 2157 non
702 2083 914 2158 horruerint
927 2084 1081 2158 tacitam
1095 2106 1249 2180 quoque
1261 2081 1424 2157 Gaesaris
1439 2082 1555 2157 iram?

554 2198 699 2275 Addita
715 2212 805 2277 sunt
820 2200 944 2300 poenis
962 2224 1097 2300 aspera
1110 2199 1226 2273 verba
1241 2199 1348 2274 meis.
1505 2202 1553 2272 56

507 2314 569 2388 Fit
585 2314 677 2413 suga
692 2316 928 2416 temporibus
947 2316 1083 2390 levior:
1104 2316 1296 2414 projectus
1314 2314 1352 2389 in
1371 2338 1499 2412 aequor

555 2430 760 2506 Arcturum
776 2432 875 2506 subii
893 2431 1173 2528 Pleiadumque
1190 2431 1323 2505 minas.

506 2548 619 2647 Saepe
636 2549 760 2623 solent
773 2549 951 2648 hyemem
968 2547 1157 2648 placidam
1175 2548 1314 2622 sentire
1327 2546 1486 2621 carinae:

555 2662 643 2738 Non
661 2664 804 2739 ltbacoe
821 2666 941 2765 puppi
957 2666 1089 2740 saevior
1106 2666 1209 2740 unda
1224 2663 1307 2738 suit.
1503 2666 1552 2735 60

414 2780 424 2793 '
505 2780 631 2857 Recta
646 2780 741 2856 fides
758 2782 940 2856 comitum
958 2792 1109 2882 poterat
1125 2782 1225 2856 mala
1240 2791 1369 2855 nostra
1381 2780 1525 2853 levare:

557 2896 689 2972 Ditata
705 2908 766 2972 cst
782 2898 914 2998 spoliis
932 2897 1078 2997 perfida
1094 2898 1206 2972 turbe
1223 2896 1329 2971 meis.

505 3009 638 3085 Mitius
656 3013 832 3087 exsilium
845 3014 988 3088 faciunt
1005 3015 1110 3088 loca:
1131 3012 1272 3087 tristior
1287 3012 1362 3087 ista

555 3124 672 3201 Terra
689 3129 760 3227 sub
778 3130 962 3224 ambobus
980 3153 1055 3203 non
1068 3130 1175 3227 jacet
1192 3128 1268 3202 ulla
1285 3128 1393 3227 polis

506 3238 578 3314 Est
594 3242 738 3340 aliquid
755 3246 887 3343 patriis
905 3246 1069 3321 vicinum
1087 3247 1224 3321 finibus
1242 3270 1349 3320 esse:
1504 3248 1551 3317 65
1619 3318 1624 3325 .

524 3420 529 3431 ,
557 3356 703 3433 Ultima
718 3385 780 3436 me
797 3363 924 3452 tellus,
938 3363 1094 3438 ultimus
1112 3362 1214 3439 orbis
1230 3363 1358 3437 babet.

536 3620 577 3669 52.
600 3619 657 3669 surr
679 3632 745 3670 neto
761 3626 906 3690 pm‘uobh]
941 3628 1005 3686 Quia
1055 3627 1179 3693 narignre.

503 3707 575 3743 nemo
595 3694 688 3744 uniens
713 3712 755 3762 pro
778 3712 817 3747 mc
839 3698 1004 3765 imperatorem
1087 3702 1128 3751 69.
1145 3701 1266 3750 Placidum
1283 3699 1404 3764 lyam]
1428 3698 1552 3749 Placidum

504 3766 588 3822 oravit,
600 3775 629 3815 ut
638 3767 779 3832 ignosceret.
798 3771 871 3821 Μιι.
905 3774 952 3823 Vel
963 3774 1004 3824 de·
1055 3780 1227 3839 tempestatem.
1603 3810 1610 3820 ·

503 3839 610 3903 precatio
621 3849 647 3889 et
664 3842 806 3907 supplicatio
823 3860 929 3897 mmmm
946 3848 1005 3897 nibil
1087 3848 1129 3897 62.
1141 3848 1223 3911 Smlitr
1232 3852 1295 3905 meir,
1306 3846 1363 3911 dra]
1378 3847 1418 3897 De
1428 3847 1555 3896 comitibus

503 3910 592 3970 edocit,
609 3914 724 3963 neveluti
742 3925 815 3989 mute
823 3933 853 3968 ec
869 3920 936 3970 nulla
953 3922 1006 3971 luit.
1055 3920 1153 3979 itineris,
1179 3922 1229 3972 sive
1258 3921 1419 3987 profectionis,
1447 3921 1556 3985 intelligo

503 3988 583 4057 Pons.
825 4057 829 4067 ι
1055 3994 1119 4044 bunc
1133 3996 1221 4055 locum,
1238 4011 1338 4061 quorum
1355 3996 1462 4061 perfidie,
1478 3996 1557 4064 bonis,

537 4060 1004 4132 5⁷.Fufugaremporiuu1war.]tae-
1055 4080 1098 4120 eut
1118 4072 1189 4121 rebus
1207 4070 1352 4136 quibusdam
1373 4071 1422 4120 suis
1441 4070 1557 4137 spoliatus

504 4134 558 4187 vius
578 4135 641 4186 solet
660 4150 712 4186 ute
732 4137 885 4203 supplicium,
908 4142 1006 4206 quando
1055 4143 1126 4192 luerit
1145 4155 1230 4210 poete:
1254 4160 1310 4195 nam
1335 4145 1392 4195 alibi
1412 4147 1470 4195 ntis
1490 4146 1557 4195 clere

503 4211 600 4264 euntes
609 4210 699 4259 abeunt
708 4221 835 4277 expectato
847 4222 952 4280 tempore
963 4232 1005 4265 nn·
1054 4216 1181 4281 significet,
1194 4218 1254 4267 nibil
1267 4218 1314 4268 sibi
1332 4235 1347 4267 a
1360 4220 1456 4270 Caere
1471 4227 1558 4285 preter

505 4284 619 4350 rigationi
636 4294 700 4351 apto.
732 4286 861 4337 Aliisvcro
876 4288 1005 4340 incommo·
1054 4292 1406 4359 patrinmademptumfuirne.
1433 4294 1532 4343 Mrorr..

506 4358 544 4407 dis
565 4358 627 4409 meis
647 4359 693 4408 boc
717 4360 791 4409 etiam
810 4362 919 4421 accurit,
940 4363 1004 4429 quod
1087 4367 1128 4415 64.
1141 4367 1188 4416 Sul
1206 4370 1310 4417 ambobus
1325 4367 1404 4433 polu]
1430 4368 1481 4417 Sub
1500 4368 1558 4435 pdo

506 4432 603 4497 lugetur
611 4449 665 4482 nom
674 4433 735 4484 tristi
742 4434 827 4485 uidere.
1054 4436 1330 4493 arctico‹etanturctico¹

539 4507 579 4555 5⁸.
589 4508 718 4555 Arcturum
733 4510 813 4574 rabit]
831 4510 947 4578 Tempore
957 4530 1005 4577 quo
1087 4516 1127 4564 66.
1142 4517 1230 4567 Ultima
1247 4517 1336 4581 tellus]
1352 4517 1436 4567 Tellin
1445 4517 1559 4569 Pontice.

506 4576 933 4650 Asctnmmagnosimbrcsperabat,
942 4589 1004 4654 coepi
1055 4588 1126 4638 blm.
