3609 5967
445 768 489 837 20
735 769 774 833 Ρ.
798 768 960 835 OVIDII
983 770 1194 839 NASONIS

449 940 625 1041 Phyllida
643 941 892 1042 Demophoon
909 966 1074 1043 proesens
1091 946 1318 1021 moderatius
1335 948 1454 1021 ussit:

498 1057 650 1133 Exarsit
665 1060 757 1135 velis
775 1061 896 1135 acrius
914 1060 978 1136 illa
994 1062 1105 1136 datis.

448 1174 682 1274 [Penelopen
700 1178 835 1251 absens
853 1178 984 1252 sollers
1000 1179 1202 1275 torquebat
1220 1177 1375 1254 Ulixes:
1409 1182 1484 1253 356

499 1290 738 1390 Phyllacides
756 1295 897 1381 eberat,
918 1292 1132 1381 Laodamia,
1150 1294 1271 1389 tuus]

452 1404 528 1480 Sed
547 1430 650 1481 mora
665 1418 746 1482 tuta
763 1408 907 1484 brevis:
934 1410 1149 1485 lentescunt
1164 1420 1334 1509 ternpore
1350 1432 1471 1497 curre:

497 1521 749 1622 Vanescitque
767 1524 916 1612 absens,
934 1534 973 1598 et
989 1548 1107 1600 novus
1124 1526 1249 1612 intrat,
1268 1550 1405 1600 amor„

450 1634 551 1711 Dum
570 1636 765 1714 Menelaus
783 1640 904 1727 abest,
924 1637 1070 1715 Helene
1087 1666 1135 1716 ne
1153 1643 1233 1717 sola
1244 1644 1401 1741 jaceret,

498 1750 666 1855 Hospitis
683 1765 741 1830 est
756 1756 884 1855 tepido
900 1767 1012 1831 nocte
1029 1769 1182 1857 recepta
1198 1758 1294 1832 sinu.
1408 1760 1483 1830 360

451 1866 525 1953 Qui
543 1879 671 1970 stupor
687 1870 761 1958 hic,
781 1870 966 1958 Menelai,
984 1871 1080 1946 fuiti
1105 1883 1148 1946 tu
1165 1873 1266 1947 solus
1282 1873 1436 1947 abibas:

502 1985 630 2060 Isdem
647 1987 718 2060 sub
734 1986 844 2061 tectis
861 1987 1001 2085 hospes
1018 1998 1059 2062 et
1074 2010 1169 2061 uxor
1185 1998 1303 2063 erant.

452 2100 632 2200 Accipitri
649 2102 799 2177 timidas
816 2102 951 2201 credis,
970 2101 1121 2189 furiose,
1140 2102 1364 2176 columbas?

501 2216 661 2292 Plenum
678 2226 854 2292 montano
871 2218 994 2293 credis
1010 2218 1107 2293 ovile
1122 2218 1211 2318 lupo
1225 2219 1240 2291 l

453 2331 518 2406 Nil
531 2331 675 2410 Helene
688 2344 841 2434 peceat;
868 2333 1208 2411 nilhlccommittit
1221 2332 1384 2409 adulter:
1411 2334 1486 2407 365

503 2448 613 2533 Quod
630 2460 684 2537 tu,
704 2451 805 2548 quod
822 2449 962 2524 feceret
979 2450 1150 2548 quilibet,
1169 2449 1232 2523 ille
1249 2449 1351 2523 facit.

454 2563 570 2661 Cogis
588 2566 824 2653 adulterium,
842 2566 968 2641 dando
985 2575 1211 2664 tempusque
1227 2564 1441 2660 locumque.

502 2678 599 2769 Quo,
618 2682 694 2755 nisi
706 2681 861 2757 consilio
879 2690 939 2757 est
953 2704 1024 2754 usa
1039 2681 1167 2779 puella
1181 2681 1272 2755 tuor

452 2794 552 2879 Quid
562 2796 696 2873 iaciat?
707 2799 764 2873 vir
773 2801 893 2887 abest,
905 2808 945 2873 et
953 2799 1062 2872 adest
1072 2820 1147 2871 non
1156 2795 1317 2870 rusticus
1327 2794 1486 2893 hospes:

502 2908 553 2985 Et
567 2914 676 2988 timet
691 2914 730 2988 in
746 2936 864 2989 vacuo
883 2914 964 2989 sola
979 2913 1119 2988 cubare
1134 2922 1229 2987 toro.
1415 2914 1490 2985 370

451 3026 597 3102 Viderit
613 3028 786 3105 Atrides:
815 3028 989 3105 Helenen
1006 3052 1077 3127 ego
1093 3029 1248 3104 crimine
1264 3030 1379 3103 solvo.

503 3142 584 3218 Usa
600 3154 659 3218 est
674 3145 828 3220 humani
845 3144 1111 3219 commoditate
1127 3144 1208 3219 viri.

455 3257 531 3333 Sed
550 3282 673 3357 neque
689 3259 811 3333 fulvus
829 3284 919 3359 aper
935 3261 1061 3335 media
1078 3272 1157 3335 tam
1173 3284 1293 3335 saevus
1310 3259 1349 3332 in
1367 3258 1432 3346 ira,

503 3372 696 3449 Fulmineo
713 3376 862 3451 rabidos
879 3400 967 3451 cum
984 3386 1083 3451 rotat
1099 3400 1164 3451 ore
1180 3398 1293 3450 canes
1309 3402 1318 3449 ε

454 3486 490 3561 N
493 3513 537 3564 ec
554 3489 624 3576 lea,
644 3514 730 3563 cum
747 3492 881 3565 catulis
898 3492 1125 3567 laetentibus
1142 3492 1259 3566 ubera
1274 3490 1438 3589 praebet:

504 3604 541 3679 N
543 3630 587 3681 ec
605 3606 726 3682 brevis
744 3607 873 3705 ignaro
890 3608 1020 3708 vipera
1035 3609 1127 3682 laesa
1143 3608 1264 3710 pede:
1415 3607 1490 3679 376

456 3705 610 3781 Femina
626 3730 753 3805 quam,
773 3709 864 3781 socii
881 3709 1068 3808 deprensa
1083 3707 1218 3807 pellice
1234 3705 1336 3792 lecti,

502 3821 644 3912 Ardet;
674 3835 712 3899 et
728 3824 767 3897 in
783 3825 888 3899 vultu
905 3826 1062 3925 pignora
1078 3823 1214 3899 mentis
1230 3822 1357 3897 habet.

486 4110 949 4177 ute.1³mupmm.]l²rioru12n-
997 4116 1052 4171 luit‚
1065 4120 1196 4179 regum.
1230 4112 1317 4177 Atego
1330 4111 1361 4160 ab
1372 4126 1417 4161 aro
1426 4110 1489 4174 my-

454 4184 505 4235 te'lii
523 4184 569 4235 hoe
586 4185 704 4237 distichon
725 4203 771 4237 uon
790 4186 905 4253 agnoseit.
923 4197 948 4238 et
996 4188 1050 4238 laco
1069 4188 1159 4237 dictum
1179 4186 1255 4250 mgb
1275 4195 1341 4252 puto.
1360 4185 1406 4236 init
1425 4184 1489 4234 enim

454 4260 537 4309 abens
547 4260 699 4325 potestnlvt
713 4258 824 4311 orationis
833 4261 948 4312 κύω
997 4260 1117 4327 Phylacus
1133 4268 1201 4327 pater
1219 4259 1315 4327 Iphicli,
1331 4266 1358 4309 ut
1372 4265 1398 4307 et
1417 4255 1490 4307 ceteri

455 4333 518 4384 enim
528 4332 724 4398 iriffl'diusculum.
756 4334 847 4383 Huius.
998 4332 1352 4385 &messmam
1361 4329 1489 4386 auditus,

487 4406 543 4457 356.
556 4406 793 4471 Ρὴμὶωἰάωαῡοωιᾶ
806 4407 948 4472 Phylaciden
996 4416 1022 4458 et
1042 4408 1182 4459 &stadum
1198 4406 1224 4457 in
1243 4406 1367 4475 Caulone·
1394 4406 1491 4455 Hiera.

455 4478 490 4529 ait
498 4480 594 4531 Merula
603 4484 634 4533 eb
645 4498 674 4532 eo
688 4482 767 4534 sueni
781 4481 946 4539 Proten'lsum,
997 4481 1048 4532 rid.
1059 4481 1174 4549 depist.
1184 4480 1234 4532 xiii.
1245 4481 1287 4531 at.

455 4553 519 4619 quod
537 4554 656 4621 Ibylaca,
674 4573 728 4623 que
747 4558 804 4607 urbs
818 4556 948 4606 Thessalia
