3609 5967
478 724 544 791 120
772 722 812 788 P.
835 719 997 787 OVIDII
1020 718 1232 787 NASONIS

483 897 519 973 N
522 922 571 973 on
589 920 719 971 curare
736 907 795 975 sat
812 906 883 971 est.
910 894 998 968 odio
1015 894 1080 991 qui
1098 893 1180 968 finit
1196 917 1373 981 amorem,

531 1012 610 1087 Aut
625 1021 737 1099 amat,
755 1022 823 1086 aut
838 1032 937 1108 aegre
954 1008 1102 1085 desinet
1118 1034 1203 1086 esse
1220 1011 1344 1085 miser.

481 1128 620 1228 Turpe,
635 1129 690 1203 vir
702 1138 743 1203 et
758 1126 903 1212 mulier,
913 1125 1035 1222 juncti
1050 1124 1174 1211 modo,
1190 1126 1360 1224 protinus
1372 1128 1519 1203 hostes:

534 1245 622 1320 Non
638 1245 721 1320 illas
738 1244 823 1318 lites
841 1241 987 1341 Appias
1005 1241 1088 1340 ipsa
1104 1242 1250 1341 probat.
1446 1247 1521 1319 660

484 1358 596 1461 Saep‘e
613 1385 696 1436 reas
712 1359 867 1446 faciunt,
886 1368 928 1432 et
943 1367 1082 1433 amant.
1109 1358 1174 1431 ubi
1192 1359 1296 1432 nulla
1311 1359 1482 1434 simultas

534 1477 683 1564 Incidit,
702 1475 895 1551 admonitu
913 1474 1010 1549 liber
1026 1475 1176 1550 aberrat
1193 1499 1307 1549 amor.

484 1592 596 1670 Forte
613 1595 763 1668 aderam
776 1593 929 1691 juveni:
957 1591 1148 1666 dominam
1165 1591 1302 1666 lectica
1317 1592 1490 1667 tenebat:

533 1710 748 1787 Horrebant
763 1711 871 1785 saevis
889 1710 1015 1785 omnia
1029 1709 1144 1784 verba
1159 1708 1282 1782 minis.

481 1826 645 1925 Jamque
662 1828 876 1914 vadaturus,
895 1824 1048 1901 Lectica
1064 1823 1243 1923 prodeat:
1271 1824 1405 1922 inquit
1446 1829 1519 1900 665

534 1941 752 2018 Prodierat:
778 1943 860 2017 visa
877 1944 1038 2041 conjuge
1055 1952 1181 2019 mutus
1199 1950 1291 2017 erat.

482 2056 533 2135 Et
549 2083 694 2146 manus,
712 2069 752 2135 et
767 2057 941 2135 manibus
957 2058 1129 2156 duplices
1146 2056 1318 2132 cecidere
1333 2056 1504 2134 tabellae:

532 2174 646 2249 Venit
662 2175 701 2247 in
717 2173 936 2272 amplexus:
964 2184 1080 2270 atque
1096 2173 1160 2260 ita,
1180 2171 1323 2258 Vincis,
1341 2172 1407 2246 ait.

484 2289 636 2387 [Tutius
654 2301 724 2378 est,
743 2300 951 2389 aptumque
969 2288 1101 2385 magis,
1120 2287 1315 2362 discedere
1333 2310 1439 2386 pace,

536 2406 661 2493 Quam
678 2417 808 2506 petere
825 2430 848 2480 a
864 2404 1039 2480 thalamis
1056 2403 1220 2501 litigiosa
1235 2403 1345 2499 sora]
1390 2401 1396 2411 ’
1450 2409 1525 2481 670

476 2516 649 2601 ¹Munera
665 2547 751 2622 quae
768 2522 931 2609 dederis,
950 2521 1091 2596 habeat
1106 2521 1187 2595 sine
1203 2520 1271 2594 lite
1283 2521 1438 2618 jubeto:

534 2637 630 2715 Esse
647 2641 769 2716 solent
785 2663 923 2737 magno
938 2638 1077 2715 damna
1093 2637 1239 2715 minora
1253 2639 1366 2714 bono.

515 2953 572 3002 660.
586 2952 692 3017 Appios]
715 2952 982 3019 Venusipsagenitris,
1031 2951 1124 3002 videtur
1150 2950 1312 3001 anctoritatem
1338 2948 1421 3017 lipsii.
1445 2950 1488 3000 lib.
1509 2952 1527 3003 i.

483 3028 553 3095 cnjns
568 3027 684 3094 templum
700 3036 752 3077 erat
770 3028 796 3077 in
812 3027 862 3077 loro
879 3027 911 3078 C.
927 3027 981 3077 Co·
1030 3025 1198 3091 Hectos.cap.
1209 3026 1248 3075 19.

482 3101 555 3163 sasis3
570 3101 818 3168 sicoognominataab
829 3100 982 3167 aqnaAppia
1062 3100 1120 3149 667.
1138 3099 1248 3162 nuptam
1257 3100 1367 3164 nante]
1387 3098 1526 3158 Qusvsdi·
1599 3148 1604 3159 ,

482 3192 537 3242 qne
547 3175 665 3224 illiserat.
697 3174 787 3222 Ausa.
1030 3172 1102 3222 monii
1120 3172 1245 3222 formulam
1261 3174 1420 3224 continebant.
1435 3173 1489 3223 vide
1507 3174 1526 3224 i.

515 3249 978 3314 Gffl.mejsm]1nsate·
1029 3245 1111 3296 Arnon.
1127 3247 1169 3297 xii.
1184 3248 1225 3297 23.
1258 3247 1342 3313 Inepte
1358 3246 1523 3314 ῦιὶφίυωεκ

482 3324 620 3390 ribam
626 3327 719 3373 dm
718 3327 811 3388 jassai.
827 3325 914 3375 Nsoo.
927 3324 980 3374 nno
1028 3319 1125 3369 Messala
1135 3336 1180 3370 sna
1190 3322 1241 3370 sine
1252 3320 1301 3369 ullo
1313 3319 1409 3371 delecta
1418 3321 1528 3370 transad-

482 3400 575 3448 adsrnn
583 3401 668 3460 juverat
682 3412 737 3446 conr
751 3396 837 3460 Regio,
850 3398 979 3455 Pnteaneo,
1029 3394 1095 3452 bens,
1110 3394 1240 3453 codicillos,
1250 3395 1337 3460 quibus
1350 3395 1405 3461 jara
1420 3396 1527 3446 confine-

484 3470 979 3537 nnoexrneis.etprisnteditionc.sdsmss,
1028 3470 1115 3518 bantur
1131 3467 1307 3535 interpretatas.
1321 3470 1407 3519 vellem
1424 3470 1530 3519 addidis-

483 3544 669 3602 advocatiom,
690 3544 840 3611 praestabam.
862 3545 897 3594 ita
919 3545 980 3594 illud
1030 3552 1083 3593 sent
1091 3559 1145 3609 qne
1148 3547 1211 3607 jora
1220 3544 1363 3609 intelligant.
1387 3544 1482 3594 Merula
1491 3556 1527 3594 ta·

484 3634 578 3683 qnoque
594 3616 782 3683 intelligendum,
801 3617 844 3668 lib.
861 3616 897 3668 iii.
916 3618 981 3668 Artis
1029 3633 1084 3668 rnen
1092 3617 1168 3676 addit,
1176 3619 1318 3668 utvideatnr
1327 3618 1403 3669 lorum
1413 3618 1527 3685 tetigisse,

483 3694 540 3742 531.
1029 3695 1115 3755 scripta
1125 3696 1372 3757 astrimpssaosljssrs.
1388 3693 1465 3743 sinon
1475 3710 1528 3760 per·

517 3766 618 3814 Numa
630 3769 668 3814 dot
681 3768 750 3823 disca
757 3769 802 3828 jus
814 3767 855 3829 pai
867 3767 981 3830 profitebi-
1028 3781 1120 3832 peram,
1125 3766 1319 3834 intes'pretatione
1329 3777 1394 3817 certe
1403 3768 1460 3834 ipsis
1468 3768 1528 3818 Ori·

547 3850 596 3896 tos,
606 3843 675 3888 adsit.
1029 3838 1064 3888 dii
1074 3840 1152 3890 verbis
1161 3842 1302 3891 obscuriore.
1333 3843 1423 3891 Bonas.

482 3914 537 3963 Hac
553 3922 645 3978 spectat
659 3913 727 3963 locus
742 3929 838 3980 qnoque
857 3914 898 3964 ille
916 3913 981 3979 apud
1064 3915 1120 3964 669.
1139 3914 1222 3964 Totins
1237 3926 1270 3965 sst
1290 3926 1412 3980 sptssnrqsse
1431 3915 1527 3982 snagin]

483 3986 599 4044 Gellium,
612 3986 655 4036 lib.
669 3986 688 4035 i.
702 4003 755 4053 esp.
768 3988 826 4038 xxii.
843 3988 884 4037 nbi
894 3996 982 4055 protos
1030 3989 1110 4038 Nemo
1124 3988 1183 4039 mihi
1198 3992 1340 4055 permanent
1353 3991 1398 4040 boc
1410 3990 1528 4040 ffiffichnn

482 4061 513 4111 ad
523 4060 659 4127 inperitum
671 4070 803 4127 patronam,
813 4062 855 4128 qni
869 4078 895 4112 se
908 4079 980 4112 essse
1031 4061 1174 4112 Nasoniann
1182 4080 1249 4113 vene
1258 4065 1342 4114 loetnrn
1352 4080 1412 4113 esse.
1438 4063 1529 4112 Herus.

481 4153 592 4200 sapam
609 4135 714 4185 dixisset.
748 4137 786 4186 Ta
800 4141 878 4200 plau,
896 4141 980 4201 inquit,
1063 4138 1239 4187 671.n1um
1260 4155 1308 4203 qast
1328 4141 1427 4195 warns,
1446 4139 1528 4185 lsstsnt

481 4228 579 4274 snpra,
593 4228 639 4259 παι
651 4213 711 4259 oda.
727 4225 770 4276 pro
783 4212 863 4260 betica
879 4214 978 4268 metat,
1028 4214 1077 4260 sins
1094 4214 1144 4269 lits.
1154 4212 1257 4277 jolicta]
1282 4212 1363 4262 verta
1379 4210 1436 4260 artis
1452 4218 1526 4259 snntr

481 4286 614 4336 Vaticanus
634 4301 704 4342 unm,
722 4287 818 4334 motas.
839 4301 887 4334 non
905 4284 980 4334 inele·
1029 4283 1063 4333 sic
1073 4285 1136 4333 enirn
1146 4284 1239 4335 solebat
1249 4285 1338 4342 dicere,
1347 4284 1389 4350 qai
1399 4283 1526 4333 divortium

481 4369 572 4425 gantas·
595 4361 685 4410 Heras.
706 4360 801 4409 neren
822 4358 870 4409 dno
888 4359 979 4424 scripti.
1030 4357 1147 4408 iaciebat:
1166 4360 1345 4419 dissinnatus,
1363 4370 1415 4409 tasas
1432 4376 1468 4408 sss
1485 4360 1528 4407 sat

481 4434 541 4483 toste
555 4434 628 4483 etiarn
640 4436 735 4499 tegebat,
746 4444 774 4482 nt
785 4432 816 4482 de
827 4442 887 4481 tecto
897 4435 980 4481 uonna
1029 4433 1116 4482 tran.
1132 4433 1228 4483 Missa.

480 4521 535 4557 casn
546 4507 690 4558 Baranam
704 4507 821 4573 capiatur.
832 4506 874 4572 qni
882 4515 979 4557 wantos
