3609 5967
488 735 556 804 ³12
779 734 820 800 P.
851 729 1015 800 ovum
1037 731 1252 800 NASONIS
1335 737 1339 748 ”

492 909 650 984 Scilicet
664 908 814 1006 exiguis
825 908 987 1008 'prodest
1005 930 1150 982 annosa
1165 915 1355 998 vetustas;

542 1025 761 1099 Grandibus
779 1024 969 1098 accedunt
984 1034 1154 1122 tempore
1172 1023 1311 1097 damna
1324 1025 1447 1100 malis.

491 1139 609 1216 Poene
625 1140 757 1215 decem
776 1140 866 1214 totis
883 1139 979 1213 aluit
994 1138 1191 1214 Poeantius
1209 1141 1317 1214 annis

542 1255 770 1331 Pestiferum
788 1255 934 1329 tumido
952 1254 1085 1328 vulnus
1103 1255 1152 1329 ab
1171 1279 1295 1352 angue
1311 1255 1444 1331 datum
1455 1265 1482 1331 :'

491 1370 685 1471 Telephus
702 1382 844 1446 aetema
860 1380 1081 1445 consumtus
1099 1371 1187 1445 tabe
1205 1371 1378 1470 perisset,
1492 1375 1539 1446 15

523 1487 586 1561 ,si
604 1511 692 1575 non,
711 1509 797 1586 quae
814 1485 957 1574 nocuit,
976 1485 1114 1560 dextra
1130 1487 1280 1561 tulisset
1296 1511 1421 1586 opem.

492 1601 545 1680 Et
560 1629 657 1692 mea,
677 1607 710 1678 si
726 1604 873 1679 facinus
891 1604 1038 1678 nullum
1056 1603 1325 1690 commisimus,
1344 1613 1446 1703 opto,

542 1719 711 1794 Vulnera
727 1720 794 1818 qui
811 1719 914 1806 lecit,
933 1718 1034 1793 sacta
1050 1719 1174 1793 levare
1191 1719 1302 1808 velit;

493 1833 785 1932 contentusque
802 1835 877 1910 mei
889 1837 972 1932 jam
989 1834 1143 1909 tandem
1161 1843 1268 1932 parte
1287 1833 1438 1920 laboris,

543 1949 735 2048 Exiguum
753 1952 864 2050 pleno
881 1951 931 2024 de
948 1973 1053 2024 mare
1070 1949 1200 2023 demat
1216 1973 1338 2047 aquae.
1490 1955 1538 2022 20

493 2065 680 2140 Detrahat
696 2075 738 2140 ut
756 2065 930 2151 multum,
949 2065 1110 2138 multum
1128 2065 1287 2138 restabit
1304 2064 1451 2153 acerbi;

541 2180 714 2280 Parsque
730 2203 826 2255 meae
843 2204 965 2279 poenae
982 2180 1099 2254 totius
1117 2180 1235 2254 instar
1252 2181 1334 2254 erit.

492 2295 620 2372 Litora
636 2306 732 2395 quot
747 2297 924 2385 conchas,
943 2308 1038 2395 quot
1055 2319 1203 2370 amoena
1218 2297 1359 2371 rosaria
1375 2296 1498 2383 flores,

543 2412 691 2498 Quotve
709 2413 955 2512 soporiferum
973 2436 1091 2510 grana
1107 2437 1271 2512 papaver
1287 2413 1423 2501 habet;

494 2528 705 2604 Silvaferas
715 2540 810 2629 quot
819 2530 899 2616 alit,
912 2541 1008 2629 quot
1017 2530 1184 2629 piscibus
1198 2530 1300 2604 unda
1308 2539 1457 2605 natatur
1467 2557 1478 2619 ;
1489 2533 1537 2603 25

544 2644 647 2730 Quot
660 2656 832 2720 tenemm
849 2647 985 2747 pennis
1004 2671 1092 2722 aera
1104 2647 1231 2746 pulsat
1248 2647 1348 2733 avis;

492 2759 566 2835 Tot
583 2785 732 2860 premor
749 2761 938 2838 adversis:
967 2789 1051 2862 quae
1069 2763 1101 2838 si
1119 2763 1397 2862 comprendere·
1408 2786 1534 2849 coner,

543 2876 674 2952 Icariae
693 2903 890 2954 numerum
907 2880 1034 2955 dicere
1052 2903 1168 2954 coner
1184 2903 1307 2977 aquae.

493 2991 625 3091 thue
639 2995 707 3068 vioe
724 3019 849 3083 casus,
865 3007 909 3070 ut
926 3020 1053 3072 amara
1070 2995 1238 3095 pericula
1255 2994 1374 3092 ponti,

544 3109 600 3184 Ut
615 3119 764 3186 taceam
781 3111 931 3187 strictas
950 3115 987 3188 in
1006 3137 1092 3188 mea
1109 3113 1187 3187 sata
1203 3135 1357 3200 manus3
1489 3115 1538 3184 30

525 3273 565 3320 12.
576 3271 703 3338 Tempora]
722 3275 885 3327 Diutmuiute
900 3285 992 3345 tempo-
1040 3279 1159 3334 obrutum,
1170 3273 1316 3325 miseriarum
1327 3289 1419 3324 suarum
1429 3263 1536 3322 multitu-

490 3343 531 3394 ris.
547 3345 619 3393 Men.
646 3347 780 3399 Grondihet
789 3353 992 3419 acceduntMtg·
1041 3353 1122 3403 dinem
1132 3361 1157 3401 et
1168 3348 1356 3415 magnitudinem
1366 3349 1446 3397 volens
1460 3347 1539 3413 expri-

491 3416 682 3468 mincommode
696 3423 727 3469 ab
739 3422 809 3471 aunis
820 3425 991 3475 incrementum
1041 3443 1114 3477 mere.
1142 3425 1209 3474 More
1219 3423 1279 3473 dixit
1289 3421 1413 3490 ἀρχαϊκῶς
1422 3439 1462 3489 pro
1472 3423 1539 3472 muri.

490 3490 619 3558 accipiunt,
630 3500 655 3540 ct
666 3493 760 3557 gravius
777 3496 883 3546 animum
900 3497 991 3548 discru-
1041 3501 1123 3551 Porr.

491 3564 564 3614 ciant.
587 3564 627 3614 Sic
637 3566 691 3615 Cic.
699 3565 837 3633 Philip.V:
857 3571 929 3621 Omne
942 3591 990 3622 mc·
1073 3575 1114 3622 21.
1134 3573 1234 3620 Multum
1248 3571 1341 3620 rettudit
1358 3569 1452 3632 uerit]
1469 3571 1537 3618 Acer-

489 3640 540 3687 tum
548 3655 643 3688 nucem
651 3640 889 3705 facitodor-imitar.-
907 3648 991 3696 inuete-
1041 3648 1065 3696 vl
1091 3665 1127 3714 pr.
1148 3647 1226 3695 Palnt.
1248 3661 1285 3710 pr.
1306 3644 1418 3694 vatican.
1444 3652 1469 3693 et
1492 3653 1539 3694 tres

491 3717 748 3780 rotamfitplcruarqne
758 3719 879 3768 mhuttiar.
897 3720 977 3771 Ponr.
1042 3721 1099 3782 alii3
1118 3720 1199 3770 mutim
1216 3735 1313 3776 accim
1326 3735 1405 3784 poeun
1421 3718 1538 3769 videlicet.

524 3789 566 3836 13.
583 3788 722 3853 Perottus]
741 3789 894 3841 Philoctetes.
1042 3795 1133 3845 Herus.

525 3861 564 3908 14.
578 3861 667 3926 Vince]
686 3863 819 3929 Sicprime
827 3866 993 3916 cditctunus
1074 3870 1116 3917 22.
1141 3867 1220 3916 Totius
1240 3870 1314 3915 incur
1332 3867 1399 3930 erit]
1425 3867 1539 3917 Ostendit

490 3934 625 3984 Vaticanus
635 3953 690 3986 cum
705 3938 882 4000 Arondeliauo3
898 3948 924 3988 et
935 3941 993 4006 quie
1041 3950 1132 3992 tentam
1143 3957 1195 3992 esse
1212 3941 1325 3990 malorum
1343 3941 1551 4006 magnitudinem,-

490 4009 574 4056 tumldi
583 4009 677 4075 proprie
687 4027 777 4077 angues
788 4029 901 4063 eveneno
908 4013 991 4065 dicun·
1042 4027 1068 4066 ut
1078 4017 1149 4066 etium
1160 4017 1179 4065 si
1196 4015 1256 4081 quid
1269 4015 1414 4072 detrahatur,
1425 4015 1484 4066 nihil
1493 4015 1539 4066 ribi

488 4091 537 4140 tur,
548 4085 613 4132 virus
623 4087 730 4150 pretulit
745 4088 876 4138 Burmann.
894 4097 920 4137 et
936 4105 990 4138 mox
1041 4091 1190 4140 imminutum
1201 4087 1316 4139 videatur.

490 4159 589 4208 volucro
609 4158 724 4224 requitur.
753 4160 815 4211 Alis
830 4162 886 4212 cdd.
901 4163 993 4212 hebent
1074 4166 1115 4213 2⁴.
1127 4165 1219 4219 Quodve
1228 4165 1397 4228 repensorem]
1411 4163 1539 4230 Papaveris

491 4235 585 4282 omnm.
606 4234 720 4284 Harum.
1042 4237 1111 4287 satim
1133 4238 1179 4287 tria
1198 4245 1254 4287 sunt
1271 4253 1366 4302 genera
1393 4237 1537 4294 Candidum,

525 4307 564 4356 15.
574 4307 684 4370 Telephus
689 4319 774 4357 eterno
784 4321 922 4368 consituros,
929 4309 988 4374 dre]
1040 4313 1196 4377 cnjussemen
1207 4320 1293 4360 tostum
1304 4311 1329 4360 in
1345 4309 1450 4361 munde
1458 4327 1540 4360 meuse

493 4379 601 4428 Vulnm'r
616 4385 730 4430 auritium
750 4382 826 4432 Polior
844 4385 909 4432 horto
926 4386 991 4433 tulit.
1041 4401 1095 4434 cum
1116 4385 1188 4435 melle
1206 4385 1270 4452 apud
1292 4384 1402 4451 antiquos
1419 4385 1537 4435 dabutur:

491 4453 564 4502 Mna.
1041 4459 1141 4509 alterurn
1159 4460 1266 4525 nigrum:
1285 4459 1379 4509 tertium
1399 4475 1476 4525 genus
1494 4460 1539 4524 Ty·

523 4527 565 4573 20.
577 4527 693 4591 Belgarum
706 4531 794 4594 ptem]
813 4529 879 4580 Arni
893 4530 954 4580 dixit
965 4547 991 4581 sc
1039 4549 1090 4582 ram
1100 4543 1195 4583 vocent.

492 4611 539 4649 uon
554 4599 673 4657 fluctibus,
684 4602 726 4652 red
742 4611 792 4656 toto
805 4605 903 4656 Oceano
919 4603 990 4656 fuine
1073 4609 1115 4658 80.
1134 4610 1231 4658 Strietor
1246 4613 1271 4657 in
1284 4625 1340 4667 mec,
1354 4608 1412 4673 Sto]
1429 4609 1538 4658 Dentre
