3609 5967
456 798 523 864 170
748 797 789 862 Ρ.
814 792 977 861 OVIDII
1001 794 1215 862 NASONIS
1307 794 1324 851 .’

778 1054 1026 1131 ELEGIA
1064 1054 1179 1130 VIII.

458 1206 506 1280 IN
526 1214 643 1305 caput
660 1206 737 1280 alta
754 1228 865 1278 suum
881 1205 1056 1279 labentur
1071 1204 1119 1277 ab
1137 1226 1290 1301 aequore
1308 1214 1406 1278 retro

509 1321 702 1409 Flumina3
731 1320 921 1395 conversis
941 1320 1085 1417 Solque
1102 1300 1275 1393 recurret
1286 1320 1417 1416 equis3

457 1438 574 1512 Terra
589 1437 686 1512 feret
702 1436 854 1525 stellas3
883 1435 1021 1508 coelum
1038 1434 1202 1508 findetur
1219 1443 1364 1523 aratro;

477 1610 481 1619 .
510 1554 624 1628 Unda
640 1553 747 1626 dabit
763 1551 949 1635 flammas,
969 1561 1008 1624 et
1024 1550 1132 1623 dabit
1149 1549 1247 1646 ignis
1266 1572 1406 1646 aquas3

458 1670 598 1744 Omnia
614 1679 757 1743 naturae
776 1676 1009 1766 praepostera
1024 1665 1173 1761 legibus
1190 1665 1320 1753 ibunt3
1481 1668 1504 1738 5

507 1784 679 1882 Parsque
697 1807 808 1857 suum
826 1783 955 1856 mundi
974 1783 1077 1856 nulla
1093 1782 1239 1856 tenebit
1260 1781 1352 1855 iter:

335 1894 345 1905 ’
457 1901 597 1976 Omnia
609 1901 690 1996 jam
701 1899 805 1985 fient,
825 1897 905 1972 fieri
922 1922 1008 1995 quae
1026 1922 1140 1996 posse
1157 1899 1356 1994 negabam,

507 2016 559 2090 Et
576 2015 668 2089 nihil
686 2025 757 2101 est,
775 2015 825 2087 de
842 2036 919 2111 quo
936 2035 1013 2086 non
1030 2013 1080 2086 sit
1097 2012 1272 2087 habenda
1288 2011 1396 2086 fides.

457 2132 553 2206 Haec
570 2155 641 2227 ego
657 2129 851 2216 vaticinor,
871 2129 963 2228 quia
979 2154 1064 2203 sum
1082 2130 1267 2228 deceptus
1286 2129 1335 2203 ab
1353 2128 1430 2215 illo,

508 2245 687 2321 Laturum
705 2245 840 2319 misero
858 2268 974 2342 quem
991 2245 1082 2318 mihi
1100 2247 1209 2320 rebar
1225 2268 1351 2344 opem.
1458 2246 1495 2316 ll

456 2364 627 2438 Tantane
644 2371 696 2448 te,
715 2360 842 2448 fallax,
862 2384 998 2460 cepere
1015 2361 1154 2435 oblivia
1171 2360 1315 2435 nostri?
1333 2436 1340 2451 Ι

506 2478 762 2552 Adflictumne
779 2476 851 2551 fuit
867 2487 996 2551 tantus
1014 2477 1118 2552 adire
1132 2475 1279 2576 pudor?
1373 2518 1378 2535 ·

459 2594 514 2670 Ut
530 2616 655 2689 neque
672 2592 891 2692 respiceres,
911 2616 982 2667 nec
1000 2594 1162 2667 solarere
1175 2584 1380 2690 jacentem',
1424 2638 1427 2647 ι

508 2708 628 2784 Durel
655 2732 726 2783 nec
744 2709 948 2807 exsequias
962 2707 1384 2808 pumequereremeasl

455 2825 558 2900 Illud
575 2824 750 2900 amicitiae
768 2835 942 2899 sanctum
960 2848 1006 2899 ac
1022 2823 1236 2898 venerabile
1253 2844 1391 2897 nomen
1459 2823 1503 2893 15

506 2940 567 3016 Rc
581 2940 651 3015 tibi
668 2964 736 3039 pro
752 2939 829 3027 vili,
849 2941 920 3014 sub
938 2939 1178 3039 pedibusque
1190 2938 1322 3037 jacet?
1456 2928 1460 2937 ’

456 3057 559 3145 Quid
577 3058 660 3144 suit,
680 3056 825 3153 ingenti
842 3066 1073 3155 prostratum
1091 3056 1191 3130 mole
1209 3055 1378 3129 sodalem

505 3173 652 3260 Visere,
671 3182 711 3245 et
727 3171 897 3270 adloquii
915 3183 1023 3270 parte
1041 3172 1165 3246 levare
1182 3170 1267 3246 tui?

456 3289 580 3386 lnque
597 3313 702 3363 meos
720 3290 845 3362 sinon
864 3289 1071 3387 lacrymam
1088 3287 1285 3361 dimittere,
1297 3309 1420 3373 casus,

507 3404 636 3479 Pauca
653 3415 780 3478 tamen
797 3405 887 3481 ficto
904 3394 1020 3481 verba
1035 3405 1165 3479 dolore
1182 3403 1317 3504 queri?
1452 3406 1502 3473 20
1597 3436 1604 3457 ·

489 3679 510 3726 l.
529 3676 558 3725 ln
571 3693 637 3724 mom
656 3676 748 3740 capita]
766 3676 847 3744 Caput
864 3677 953 3728 dicitur
1052 3679 1103 3730 Kal
1114 3677 1179 3736 dira,
1190 3679 1233 3728 rol
1243 3676 1330 3730 πάντα
1343 3676 1422 3728 πάλιν
1431 3674 1501 3743 στρέ-

454 3750 558 3801 fluminis
573 3749 646 3814 origo.
680 3749 727 3799 Hie
743 3752 799 3800 mili
815 3770 900 3817 magno
913 3755 953 3801 do·
1100 3762 1178 3819 perne.

453 3842 519 3882 mou
536 3826 601 3872 celsis
617 3832 688 3885 caper
702 3826 796 3874 orbino
811 3830 865 3884 exit,
885 3827 953 3892 Virg.
1038 3825 1076 3874 17.
1093 3825 1189 3892 Ingmti
1206 3827 1263 3875 mole
1277 3824 1437 3890 prostraturus]
1457 3824 1501 3873 Ε-

453 3898 504 3948 viii.
513 3898 554 3947 65.
564 3896 595 3945 de
605 3897 706 3947 ceruleo
716 3899 790 3949 Tibri.
822 3900 854 3950 Et
865 3901 953 3951 Noster
1003 3898 1092 3949 romnis
1108 3917 1254 3967 oppressum.
1286 3899 1438 3951 Cdamitntis
1451 3914 1501 3948 me

454 3970 692 4021 necinventus:
1003 3973 1191 4039 magnitudinem
1203 3983 1271 4024 vocat
1278 3973 1396 4040 ingentem
1406 3973 1501 4030 molem,

487 4046 558 4118 Nilqr
567 4046 594 4092 in
606 4046 805 4115 mnmsagit
815 4052 953 4112 purten-itm
1002 4062 1018 4096 a
1031 4063 1088 4112 qua,
1104 4048 1171 4097 velut
1185 4048 1254 4098 ruina
1267 4065 1363 4114 magna,
1377 4063 1502 4114 oppressus

548 4120 630 4175 orbem
1001 4120 1042 4170 rit.

486 4191 638 4256 Οεοιιὶυίεφω
647 4195 794 4258 capulam
802 4196 878 4244 adhoc
887 4196 952 4245 lom.
1034 4196 1075 4244 20.
1092 4196 1182 4261 Ficta]
1202 4195 1501 4247 Codduniamriccoloe.

453 4265 484 4314 In
499 4282 566 4314 mom
579 4275 656 4328 capot.
689 4266 800 4317 Inductio
814 4277 859 4325 est,
874 4284 905 4317 ex
922 4267 952 4316 iis
1001 4268 1051 4319 sino
1062 4269 1181 4320 lacrimis:
1200 4271 1265 4336 quod
1275 4272 1356 4336 placet
1365 4271 1448 4320 Burm.
1457 4269 1501 4319 ned

452 4349 563 4390 constans
578 4356 632 4404 qne
646 4340 695 4390 fieri
707 4352 836 4411 nequeunt.
872 4342 951 4392 Pom.
1001 4352 1095 4411 propter
1105 4361 1166 4394 vers.
1177 4344 1358 4395 antecedentem
1367 4344 1440 4393 lectio
1441 4344 1502 4408 ficto

451 4413 601 4479 Expremm
616 4413 710 4462 ridetur
725 4415 814 4464 Noster
831 4415 952 4481 Euripidis
1001 4416 1059 4465 milri
1069 4418 1164 4483 placet3
1181 4419 1205 4467 S.
1215 4412 1274 4468 licet
1282 4417 1406 4467 lacrimam
1420 4416 1501 4466 dimit—

451 4485 593 4536 sententiam
614 4486 640 4534 in
661 4485 760 4545 Medea,
783 4486 824 4536 ubi
846 4488 952 4554 loquitur
1000 4499 1049 4540 tere
1067 4491 1191 4550 noluisses,
1206 4492 1272 4541 dolor
1288 4502 1378 4548 tamen,
1391 4491 1501 4558 quamvis

451 4558 550 4608 chorum
1000 4563 1078 4621 fictur,
1095 4581 1220 4632 paucaque
1238 4566 1311 4616 verba
1325 4565 1385 4615 milri
1399 4564 1502 4615 faiam

461 4628 533 4682 ’Δνυ
540 4632 952 4704 ampostpevxopoua'aeayae
999 4638 1091 4689 olatio.
1105 4648 1116 4657 “
1125 4640 1238 4690 Hirrum.
