3609 5967
469 746 513 811 42
762 743 801 807 Ρ.
825 739 987 807 ovrml
1010 738 1221 806 NASONIS

471 916 619 991 Parcite
637 938 839 1016 paucarum
856 914 1064 989 diffundere
1081 914 1222 987 crimen
1240 914 1278 987 in
1295 939 1437 990 omnes.

522 1034 721 1132 Spectetur
738 1031 878 1105 meritis
897 1053 1057 1127 quaeque
1075 1030 1201 1127 puella
1213 1030 1304 1103 suis.
1461 1037 1505 1104 10

471 1149 513 1223 Si
530 1150 649 1223 minor
666 1148 816 1221 Atrides
835 1144 1018 1231 Helenen,
1037 1144 1278 1243 Helenesque
1296 1170 1459 1221 sororem

521 1264 605 1350 Quo
623 1275 767 1364 premat
783 1261 934 1336 Atrides
951 1260 1105 1334 crimine
1122 1265 1239 1358 major
1257 1262 1391 1350 habet3

471 1383 512 1457 Si
530 1384 669 1457 scelere
688 1380 854 1455 OEclides
872 1378 1099 1452 Talaionidae
1117 1376 1319 1476 Eriphyles

519 1497 634 1572 Vivus
652 1498 744 1573 etin
761 1497 853 1571 vivis
871 1497 919 1569 ad
939 1496 1061 1594 Styga
1076 1495 1177 1568 venit
1194 1495 1324 1591 equis3

471 1614 541 1690 Est
557 1616 619 1714 pia
634 1613 836 1711 Penelope,
855 1611 982 1685 lustris
998 1621 1145 1685 errante
1160 1610 1321 1696 duobus,
1461 1614 1503 1682 15

520 1731 571 1805 Ε1
586 1730 742 1806 totidem
755 1729 882 1803 lustris
899 1728 1001 1803 bella
1016 1737 1169 1824 gerente
1185 1727 1275 1799 viro.

472 1848 636 1947 Respice
652 1846 921 1946 Phyllaciden:
949 1852 988 1917 et
1004 1866 1089 1940 quae
1106 1866 1232 1916 comes
1249 1842 1323 1915 isse
1340 1840 1473 1913 marito

520 1964 671 2053 Fertur3
700 1974 739 2037 et
755 1973 841 2037 ente
859 1985 975 2035 annos
992 1960 1215 2035 occubuisse
1231 1957 1331 2032 suos.

471 2070 564 2155 Fata
579 2078 814 2154 Pheretindae
831 2080 970 2176 conjux
988 2076 1171 2172 Pagasaea
1186 2075 1365 2149 redemit:

519 2196 671 2293 Proque
688 2194 745 2268 sui
763 2204 822 2268 est
837 2217 932 2266 uxor
948 2192 1076 2266 funere
1093 2190 1170 2267 lata
1185 2191 1265 2263 viri.
1454 2194 1504 2259 20

470 2312 612 2411 Accipe
629 2336 702 2396 me,
723 2306 904 2409 Capaneu
915 2337 924 2398 ;
953 2309 1095 2382 cineres
1113 2308 1363 2392 miscebimur,
1383 2304 1504 2402 inquit

519 2427 660 2527 Iphias,
678 2427 716 2500 in
734 2423 876 2501 medios
892 2426 1119 2522 desiluitque
1135 2449 1256 2522 rogos.

504 2726 543 2775 13.
566 2724 715 2791 Palamede]
747 2725 885 2777 Tonantes
903 2725 960 2776 scri·
1010 2724 1139 2777 Laodamia
1152 2742 1225 2775 uxore
1233 2726 1285 2793 ejus
1298 2733 1372 2773 totum
1386 2721 1503 2772 distichon

469 2799 573 2849 bendum
593 2812 637 2857 est,
659 2808 686 2848 ut
707 2798 787 2849 docuit
805 2800 908 2851 Gronov.
930 2800 962 2849 sd
1010 2801 1110 2869 accipio.
1143 2802 1239 2850 Mrcrs.

470 2873 532 2921 Stat.
548 2872 575 2921 ii.
591 2872 667 2921 Theb.
685 2874 739 2923 lll.
756 2874 797 2925 ubi
817 2875 962 2923 Tnln'iom'dss
1045 2876 1082 2925 19.
1110 2876 1171 2925 Feta
1193 2873 1357 2936 Pheretiade-1
1386 2870 1502 2919 Admetus

469 2946 585 2995 Adrastus
595 2946 689 2996 dicitur.
721 2947 961 3013 Eriphylevoro,lilia
1010 2950 1118 2999 Pbraretis
1127 2950 1189 2998 filins
1197 2949 1324 2998 'lhessalns
1337 2945 1445 2996 Alcestin
1457 2944 1503 2991 Pe·

468 3020 546 3079 Talei,
563 3019 655 3071 Biantis
670 3020 721 3078 lilii,
738 3030 762 3071 11
777 3021 872 3072 Adrasti
888 3040 960 3071 soror.

469 3094 532 3142 male
548 3094 642 3143 Merula
664 3094 765 3143 Toloonn
782 3105 858 3153 vocat,
875 3106 900 3145 et
917 3097 961 3145 Τα-

468 3168 568 3215 1111111
584 3167 714 3233 Crispinus,
732 3168 806 3219 multo
822 3168 961 3235 imperitius.

471 3241 561 3290 Buars.

504 3316 544 3363 ll.
567 3314 635 3364 Vinus
655 3326 676 3365 11
697 3320 722 3365 in
739 3316 816 3381 11111]
843 3318 962 3383 Expreesit

470 3388 509 3437 hic
520 3388 619 3439 Ovidius
629 3389 757 3456 Euripiden
771 3390 796 3440 in
811 3392 963 3458 supplicibus.

504 3538 554 3588 Kal
567 3538 619 3601 μὴν
629 3540 675 3589 τὸν
690 3538 804 3599 Οἰκλέους
819 3542 846 3606 γὲ
861 3542 963 3607 γεναῖαν

535 3611 617 3669 elima,
909 3636 915 3647 ’

502 3686 558 3735 etot
576 3686 645 3743 ζῶντ’
661 3686 852 3753 ἀναρπάσαντες
867 3690 902 3749 εἰς
917 3708 962 3754 pu-

535 3761 596 3823 χοῦς
605 3761 721 3824 χθονοὺς,

503 3830 594 3893 Αύταῖς
606 3834 756 3900 τεθρίπποις,
766 3836 911 3901 εὐλογοῦσιν
922 3838 960 3904 lp·

534 3912 627 3970 φανῶς.

470 3976 504 4026 Ut
514 3976 547 4027 ibi
556 3988 635 4029 notare
650 3997 696 4031 non
711 3982 815 4048 neglexit
826 3984 962 4043 Bernesius,

468 4058 494 4101 11
503 4067 532 4100 ex
545 4052 647 4103 Pindaro
657 4055 781 4106 defluxisse
792 4056 823 4106 ad
832 4058 962 4123 Euripiden

469 4126 569 4175 monuit.
602 4128 689 4177 Bunrs.

503 4200 541 4249 17.
553 4200 645 4263 Respice
654 4202 961 4269 Phylnriden,etquecomes

466 4278 508 4323 isse
518 4278 599 4323 morito
610 4275 734 4335 1111111111
749 4289 803 4327 1111
814 4296 960 4331 1111111111·

468 4350 539 4399 hubas
560 4350 633 4415 eros-J
662 4352 756 4401 Merula
780 4353 843 4403 varie
864 4356 960 4419 exponit

468 4420 530 4471 hunc
549 4422 635 4480 locum,
651 4433 704 4489 poet
719 4424 871 4475 laodaminm
888 4428 959 4477 etiam

469 4494 569 4546 Didonis
579 4496 698 4547 historiam
711 4498 757 4549 huc
769 4500 957 4550 accommodans.

468 4566 515 4616 Sed
532 4584 575 4633 ego
590 4571 727 4638 simpliciter
744 4572 773 4623 de
789 4573 919 4623 Protesilao
934 4583 959 4623 et

1009 3022 1048 3072 lis
1065 3024 1138 3072 liliam
1153 3039 1248 3072 uxorem
1264 3021 1347 3071 duxit:
1369 3037 1422 3085 qun
1440 3028 1504 3069 tanto

1010 3112 1088 3147 amore
1098 3097 1207 3146 maritum
1217 3096 1308 3151 dilexit,
1318 3104 1344 3145 ut
1352 3111 1395 3161 pro
1405 3112 1434 3143 11
1444 3111 1502 3143 mor-

1011 3178 1059 3219 tem
1070 3187 1116 3219 non
1127 3170 1247 3227 recusarit,
1255 3186 1327 3235 quum
1338 3168 1389 3234 ejus
1396 3180 1504 3236 parentes

1011 3243 1036 3293 id
1052 3245 1129 3295 lacere
1142 3244 1308 3308 neglexissent.
1341 3244 1445 3307 conjunx
1457 3247 1503 3295 Pn-

1008 3319 1104 3384 gasaea]
1132 3318 1235 3367 Alcestis
1254 3317 1375 3367 lbeoeals.
1410 3319 1504 3386 Pngnsae

1010 3394 1074 3442 enim
1082 3402 1137 3441 sunt
1147 3392 1275 3441 Pherarum
1286 3392 1422 3458 emporium,
1432 3395 1502 3445 dictae

1012 3467 1053 3531 (11
1076 3466 1160 3515 Strabo
1185 3466 1278 3529 scribit)
1297 3476 1391 3533 propter
1416 3468 1503 3519 vicinos

1012 3540 1096 3599 fontes,
1111 3540 1135 3589 id
1152 3550 1197 3597 est,
1214 3556 1297 3607 peges,
1313 3540 1354 3605 qui
1371 3542 1504 3606 frequentes

1012 3630 1125 3679 aquarum
1147 3616 1278 3665 ubertatem
1301 3614 1437 3664 effundunt:
1466 3618 1503 3665 vel

1012 3688 1075 3753 quod
1090 3705 1119 3738 11
1137 3688 1161 3736 in
1178 3690 1229 3737 1111
1244 3687 1322 3737 Pelias
1337 3688 1402 3753 Argo
1418 3705 1503 3738 navem

1011 3763 1162 3828 compegerit,
1173 3779 1225 3829 quc
1236 3762 1345 3827 Pagasae
1353 3762 1407 3811 ideo
1419 3779 1435 3811 a
1446 3765 1502 3829 po'e'-

1013 3836 1044 3884 tis
1054 3834 1173 3902 appellate
1183 3834 1237 3892 luit,
1249 3844 1274 3884 et
1283 3837 1357 3885 lason
1366 3836 1501 3901 Pngasaem.

1044 3912 1084 3959 22.
1101 3910 1178 3972 Iphias
1187 3913 1213 3958 la
1222 3912 1303 3960 medios
1311 3912 1403 3959 desiluit
1412 3912 1501 3977 rugos]

1012 3984 1082 4034 Hanc
1103 3986 1207 4034 tabulam
1230 3984 1344 4033 habemus
1370 3986 1395 4033 in
1420 3986 1501 4053 Eurip.

1010 4059 1117 4126 Supplic.
1129 4062 1153 4109 8.
1163 4060 1204 4107 nbi
1214 4058 1275 4109 inter
1283 4058 1331 4107 alia
1340 4074 1356 4107 1
1364 4076 1387 4107 v.
1401 4060 1470 4109 1059.

1040 4132 1503 4199 Ἐνπαῡθαγὰρὸὴκαλλίνιωςέρχομαι

1042 4212 1206 4257 Nisiben—

1042 4280 1130 4340 Πάσας
1140 4282 1257 4347 γυναῖκας
1267 4278 1412 4344 ἃςδέδαρπεν
1424 4280 1502 4340 ἥλως,

1040 4353 1137 4419 Ἀρσῇ.
1154 4355 1222 4403 πόσει
1230 4355 1277 4419 γὰρ
1287 4354 1444 4403 αωθανοῦσα
1453 4353 1501 4403 ssi·

1073 4444 1154 4491 σαμαι.

1040 4500 1130 4552 'Anne
1143 4502 1266 4563 θανόντος
1277 4498 1416 4561 licaoniae
1433 4500 1502 4563 τήνδ’

1072 4574 1105 4633 εἷς
1116 4574 1208 4641 πυράν.
