3609 5967
486 775 553 842 auo
783 771 823 837 Ρ.
847 771 1010 838 OVIDII
1034 770 1246 838 NASONIS

488 949 653 1024 Reddita
667 947 832 1023 confusae
851 970 971 1046 nuper
988 946 1124 1020 solatia
1141 947 1259 1020 menti

536 1063 731 1137 Auxilium
749 1063 885 1137 nostris
904 1084 1089 1161 spemque
1107 1062 1229 1136 tulere
1247 1063 1369 1138 malis.

488 1179 620 1277 thue
639 1179 875 1255 Machaoniis
894 1178 1091 1252 Poeantius
1109 1179 1252 1253 artibus
1270 1180 1380 1255 heros
1511 1189 1535 1257 5

536 1294 670 1369 Lenito
688 1296 874 1370 medicam
891 1294 1046 1368 vulnere
1061 1293 1181 1368 sensit
1198 1320 1334 1393 opem:

489 1411 553 1485 Sic
572 1436 642 1509 ego
661 1422 787 1486 mente
801 1413 946 1509 jacens,
966 1420 1006 1485 et
1023 1411 1159 1485 acerbo
1177 1413 1328 1486 saucius
1343 1412 1433 1499 ictu,

538 1528 747 1601 Admonitu
765 1527 863 1625 coepi
880 1526 1011 1600 fortior
1027 1550 1112 1601 esse
1131 1538 1218 1615 tuo;

488 1643 539 1718 Et
551 1647 631 1741 jam
649 1642 842 1729 deficiens,
862 1642 917 1717 sic
937 1642 985 1716 ad
1003 1654 1069 1716 tua
1087 1644 1203 1717 verba
1219 1644 1349 1733 revixi,

539 1761 593 1835 Ut
610 1762 706 1837 solet
723 1759 847 1833 infuso
864 1783 961 1834 vena
977 1760 1099 1833 redire
1116 1783 1232 1836 mero.
1490 1765 1534 1835 10

489 1877 576 1952 Nou
594 1889 721 1953 tameo
739 1877 915 1953 exhibuit
932 1888 1059 1951 tantas
1077 1876 1253 1950 facundia
1269 1877 1378 1962 vires,

540 1992 594 2067 Ut
611 2018 696 2069 mea
713 1994 789 2067 sint
806 1987 921 2068 di'ctis
939 2006 1096 2094 pectora
1113 1993 1309 2069 senatuis.

489 2108 544 2183 Ut
560 2110 719 2183 multum
739 2121 876 2184 nostrae
894 2110 1026 2185 demas
1044 2110 1095 2183 de
1113 2108 1261 2206 gurgite
1279 2132 1391 2198 curoe,

538 2225 625 2299 Non
643 2225 767 2298 minus
786 2226 984 2312 exhausto,
1005 2226 1108 2322 quod
1126 2224 1330 2323 superabit,
1350 2225 1432 2299 erit.

487 2340 673 2439 Tempore
691 2341 853 2415 ducetur
871 2342 984 2440 longo
1002 2342 1162 2417 fortasse
1179 2342 1357 2416 cicatrix:
1490 2344 1535 2413 15

538 2456 705 2531 Horrent
722 2457 893 2533 admotas
910 2460 1067 2534 vulnera
1084 2458 1200 2534 cruda
1218 2482 1363 2531 manus.

489 2572 576 2647 Nou
595 2574 711 2647 estin
729 2575 875 2648 medico
893 2600 1055 2675 semper,
1075 2577 1260 2651 relevetur
1278 2585 1320 2648 ut
1335 2598 1456 2671 aeger:

539 2687 737 2763 Interdum
754 2690 868 2765 docta
886 2694 972 2791 plus
988 2694 1088 2768 valet
1105 2703 1186 2767 arte
1204 2693 1356 2766 malum.

489 2803 639 2893 Cernis,
659 2815 701 2880 ut
718 2830 740 2879 e
758 2806 863 2880 molli
877 2808 1032 2905 sanguis
1049 2809 1227 2908 pulmone
1245 2807 1423 2883 remissus

538 2919 599 2995 Ad
619 2920 773 3019 Stygias
791 2933 895 2998 certo
913 2923 1032 2999 limite
1050 2926 1166 3000 ducat
1182 2947 1314 3022 aquas.
1484 2928 1534 2997 20

519 3203 543 3250 5.
557 3200 631 3264 thue
643 3201 786 3251 Machaoniis
798 3200 917 3251 Poeantius
927 3208 986 3253 urti-
1035 3205 1070 3254 iii.
1084 3206 1217 3270 1.6⁷.sqq.
1252 3203 1317 3253 Illud
1327 3204 1406 3270 ἕψω
1415 3203 1535 3254 huiclooo

487 3277 529 3323 tus
547 3274 630 3337 mres]
658 3275 800 3324 Muciam
816 3285 877 3324 ortes
893 3278 987 3344 proprie
1036 3278 1129 3329 ridetur
1145 3279 1215 3329 unice
1232 3287 1322 3345 aptum.
1355 3278 1452 3344 Proprie
1467 3278 1535 3328 effer·

487 3349 533 3398 hoc
550 3349 604 3397 loco
621 3349 766 3413 accipiendae
786 3349 882 3414 prolis,
900 3353 988 3416 quibus
1037 3362 1084 3409 tur,
1101 3354 1144 3402 ubi
1169 3352 1261 3418 agimus
1279 3353 1312 3402 de
1327 3368 1391 3409 osse,
1408 3352 1493 3401 Hont
1516 3354 1535 3402 i.

487 3422 616 3479 Mschson,
632 3423 766 3489 AEsculapii
782 3424 855 3482 filius,
866 3424 988 3475 Philocte·
1036 3427 1086 3475 Sat
1095 3426 1129 3475 iii.
1137 3428 1178 3477 56.
1188 3425 1276 3476 deinde
1286 3425 1448 3482 translatione,
1457 3426 1479 3475 si
1487 3443 1536 3492 qus

489 3506 537 3546 tem
552 3496 652 3546 curavit.
685 3496 796 3562 Sequitur
811 3498 875 3547 enim
887 3499 990 3550 Ovidius
1037 3511 1081 3557 est,
1101 3500 1148 3550 levi
1166 3500 1197 3550 de
1213 3517 1250 3558 eo,
1262 3500 1303 3567 qui
1319 3514 1426 3566 prorue
1441 3508 1485 3558 cst,
1496 3501 1536 3550 cui

486 3588 567 3621 eonnn
594 3570 739 3635 opinionem,
762 3571 804 3636 qui
830 3573 989 3623 Philoctetam
1039 3584 1120 3641 potum
1134 3574 1186 3625 scil.
1201 3587 1243 3624 sut
1257 3576 1376 3640 impingas
1386 3574 1536 3630 nolentiam

487 3646 569 3711 hydra
584 3661 661 3694 morsu
677 3644 795 3703 mucium,
807 3662 884 3712 eoque
896 3663 912 3696 a
922 3649 989 3700 Gre-
1039 3664 1131 3698 sumre
1148 3665 1189 3714 per
1206 3665 1233 3698 se
1253 3651 1296 3714 qui
1312 3649 1404 3713 nequit,
1420 3647 1537 3714 insergss.

487 3719 991 3787 cisinLemuorelictum,posteo,monitu
1040 3723 1154 3771 Hennes.
1316 3759 1319 3766 .

486 3795 577 3845 oraculi
588 3804 734 3850 revocatum.
741 3805 766 3844 et
773 3795 906 3863 sdTrojum
914 3814 991 3847 reser-
1074 3799 1113 3846 la.
1123 3797 1176 3845 Sint
1186 3796 1262 3859 soom]
1279 3796 1333 3845 Sint
1342 3796 1393 3844 sine
1404 3796 1491 3845 dolore.

486 3884 548 3924 sum,
561 3867 719 3916 alilachaone
730 3877 840 3918 curatum
850 3867 944 3919 dicunt.
1074 3872 1113 3921 16.
1134 3872 1235 3919 Vulnera
1253 3870 1351 3934 ends-J
1377 3870 1483 3919 Vulnere
1500 3887 1538 3921 re·

522 3944 560 3991 10.
584 3941 667 4003 Vsum]
694 3942 782 3992 Pulsus
810 3959 888 4000 veno,
917 3961 990 4010 quam
1040 3946 1128 3994 centis.
1155 3946 1208 3994 Hoc
1225 3944 1298 3993 dicit:
1316 3943 1474 3994 recensdolor
1483 3944 1537 3994 nul·

487 4016 550 4083 opud
561 4024 666 4064 nostrum
683 4023 708 4063 et
722 4015 782 4064 ulios
793 4032 835 4081 pro
846 4017 934 4067 arteria
944 4019 986 4068 de·
1036 4017 1072 4068 las
1082 4018 1187 4068 admittit
1196 4018 1376 4068 consolationes.

486 4093 542 4141 bere
559 4090 628 4146 sumi,
650 4089 781 4138 docuerunt
796 4091 850 4140 Jsc.
871 4091 987 4143 Nicolaus
1072 4096 1109 4143 19.
1122 4094 1217 4142 Esseni
1225 4093 1350 4157 mma]
1364 4093 1536 4158 Mdkmmnbe

488 4165 592 4222 honus,
610 4165 651 4213 lib.
665 4164 697 4213 iv.
720 4164 825 4214 Miscell.
840 4163 930 4231 Epiph.
946 4170 988 4217 22.
1038 4177 1114 4217 vocnt.
1142 4170 1274 4218 Vulneroto
1289 4167 1482 4234 compulsione.
1494 4167 1537 4215 bn·

485 4251 511 4292 et
529 4239 673 4290 lleibornior
690 4238 720 4288 cd
737 4238 872 4289 cassiodori
890 4240 987 4291 Formo·
1037 4258 1076 4290 mo
1096 4242 1234 4307 perimitur:
1256 4258 1312 4291 nom
1333 4240 1472 4307 spongiosos
1491 4251 1537 4300 ost,

486 4315 535 4364 lum
555 4313 675 4364 Anchiatr.
691 4313 732 4361 66.
752 4316 813 4362 redit
833 4323 914 4363 autern
934 4315 986 4373 ista.
1037 4316 1139 4382 ideoque
1148 4317 1243 4383 spiritru
1252 4333 1337 4382 capu.
1358 4317 1537 4381 &sguisSon-

486 4405 560 4454 quum
577 4397 666 4437 motum
685 4403 762 4444 suum,
781 4397 908 4453 postquam
929 4406 986 4439 con·
1037 4390 1091 4455 guis
1106 4390 1206 4456 ejectus.
1217 4390 1285 4440 illoto
1294 4391 1407 4439 vulnere'
1429 4390 1497 4438 Cau
1508 4391 1536 4437 li·

485 4463 584 4519 nideror,
600 4462 692 4528 recipit.
719 4461 808 4511 Vinum
826 4461 850 4510 in
868 4464 914 4511 isto
929 4479 986 4513 casu
1036 4467 1098 4513 mite.
1122 4466 1180 4514 Viso
1194 4482 1241 4514 non
1255 4465 1376 4529 ombigos,
1391 4464 1449 4528 quis
1466 4463 1536 4512 nori·

486 4535 619 4586 adhibitum
637 4536 717 4593 luisse.
728 4536 798 4587 docet
809 4538 900 4586 Seneca
911 4537 988 4602 Epist.
1037 4547 1084 4587 tur.
1110 4540 1207 4604 Exque
1216 4540 1536 4588 doeeicsonmsusnesse

486 4609 749 4668 95rdsBeneliciisdii.
755 4613 779 4660 9.
796 4610 986 4668 OuidePonto,
1037 4612 1195 4679 perditarum
1205 4614 1362 4679 deploratam.
