3609 5967
449 756 516 827 aso
746 753 786 819 r.
810 749 973 819 ovrorr
997 706 1211 819 nasonis

452 930 626 1005 Forsitan
643 929 715 1004 hoc
732 926 835 1016 olim,
853 950 973 1024 quum
992 950 1034 1001 se
1052 926 1247 1001 satiaverit
1265 926 1330 1014 ira,

500 1046 598 1122 Tum
617 1070 771 1144 quoque
788 1044 950 1119 sollicita
966 1054 1093 1119 mente
1107 1043 1299 1141 rogandus
1317 1043 1400 1119 erit.
1453 1050 1502 1117 20

451 1162 564 1249 Quod
573 1161 699 1237 minus
713 1162 944 1263 intersaest,
960 1159 1079 1234 instar
1090 1160 1182 1235 mihi
1193 1160 1361 1235 muueris
1374 1160 1501 1260 ampli,

502 1277 563 1353 Ex
580 1277 639 1351 his
656 1302 718 1352 me
731 1277 868 1375 jubeat
885 1276 1058 1374 quolibet
1074 1276 1129 1351 ire
1147 1275 1240 1351 locis
1254 1296 1273 1351 τ’

453 1394 534 1469 Nec
547 1395 699 1482 coelum,
710 1416 782 1467 uec
796 1414 907 1490 aquae
922 1389 1080 1479 faciunt,
1093 1416 1163 1467 nec
1175 1402 1287 1478 terra,
1300 1416 1370 1465 nec
1382 1414 1501 1479 aurae3

502 1510 553 1585 Et
569 1510 661 1583 mihi
679 1520 888 1614 perpetuus
905 1532 1064 1608 corpora
1080 1507 1240 1606 languor
1256 1509 1393 1585 habet:

453 1628 531 1703 Seu
547 1628 683 1702 vitiant
698 1638 801 1702 artus
819 1650 929 1722 aegrae
946 1626 1125 1723 contagia
1141 1626 1300 1713 mentis3
1452 1628 1501 1697 25

502 1744 590 1819 Sive
608 1744 683 1819 mei
700 1754 894 1818 causaest
911 1743 950 1817 in
968 1743 1122 1843 regione
1140 1742 1252 1816 mali:

452 1862 508 1937 Ut
524 1860 632 1958 tetigi
651 1860 838 1947 Pontum·
849 1870 991 1934 vexant
1008 1858 1194 1933 insomnia
1208 1887 1217 1947 ;
1246 1858 1387 1956 vixque

437 1998 441 2005 ’
502 1978 604 2053 Ossa
619 1977 715 2075 tegit
732 1976 894 2066 macies;
925 2002 996 2053 nec
1010 1979 1120 2075 juvat
1136 2000 1202 2051 ora
1218 1976 1339 2049 cibus.

451 2094 617 2193 Quique,
637 2118 705 2193 por
721 2105 957 2180 autumnum,
977 2092 1167 2192 percussis
1185 2090 1321 2188 frigore
1340 2091 1461 2190 primo

502 2210 573 2284 Est
590 2210 691 2285 color
708 2208 747 2284 in
764 2208 877 2296 soliis,
896 2232 982 2306 quoe
1001 2231 1098 2283 nova
1113 2208 1212 2282 laesit
1229 2208 1375 2307 hyems,
1450 2212 1501 2281 30

452 2324 492 2399 ls
509 2349 596 2400 mea
612 2326 783 2401 membra
798 2334 926 2412 tonet;
956 2348 1027 2399 nec
1045 2324 1186 2399 viribus
1205 2324 1356 2398 adlevor
1372 2324 1473 2411 ullis

502 2440 554 2514 Et
570 2465 765 2539 nunquam
782 2438 931 2539 queruli
948 2464 1064 2516 causa
1079 2441 1219 2515 doloris
1237 2441 1357 2515 abest.

452 2556 536 2633 Nec
549 2557 685 2632 melius
698 2558 817 2643 valeo,
833 2580 949 2655 quam
963 2580 1132 2654 corpore,
1148 2568 1298 2646 meute;
1321 2555 1389 2629 sed
1402 2580 1503 2651 aegra

502 2672 676 2772 Utraque
693 2699 782 2773 pars
800 2699 924 2773 aeque,
943 2673 1117 2773 binaque·
1128 2674 1268 2747 damna
1284 2671 1376 2747 fero.
1426 2674 1503 2769 [est

452 2787 596 2880 Haeret,
610 2800 651 2865 et
664 2800 752 2865 ante
766 2792 909 2879 oculos,
923 2791 1041 2866 veluti
1057 2790 1268 2891 spectabile
1282 2808 1433 2888 corpus,
1449 2793 1501 2864 ·35

502 2904 641 2982 Adstat
657 2905 814 2983 lortuuae
831 2906 952 2983 forma
967 2906 1131 3004 legenda
1148 2926 1256 2995 mere.

482 3244 523 3293 21.
541 3242 608 3299 Quod
623 3246 699 3293 stiam
712 3245 767 3310 est]
786 3246 899 3304 Quaeres
916 3252 953 3295 est
1034 3248 1075 3296 35.
1095 3246 1172 3295 Veluti
1185 3246 1305 3307 permulto
1319 3242 1421 3307 eorpus]
1439 3243 1502 3291 Teu-

449 3317 546 3368 m'moris
559 3318 682 3377 momenti,
693 3335 766 3385 quam
780 3320 884 3369 reditum
894 3335 951 3371 con·
1001 3335 1074 3385 qnam
1090 3320 1110 3369 si
1123 3327 1185 3369 esset
1203 3334 1289 3384 eorpus
1305 3316 1468 3383 conspicuum,
1479 3325 1505 3365 et

448 3390 545 3441 cedere.
572 3392 645 3440 Mra.
678 3394 741 3443 Vel:
769 3394 861 3444 interes
886 3394 950 3460 quod
1001 3394 1100 3461 dignum
1111 3404 1231 3462 spectatu.
1264 3394 1339 3442 Men.

448 3474 485 3515 est
494 3464 582 3523 minus,
589 3465 649 3516 lieet
658 3466 717 3517 milri
729 3468 811 3532 msgui
821 3469 852 3517 sit
867 3484 951 3519 mune·
1033 3470 1073 3518 36.
1091 3468 1156 3518 Edit.
1167 3478 1215 3519 vet.
1225 3468 1449 3517 Artem-videnda.
1468 3467 1503 3515 At

449 3540 482 3589 ris
492 3540 553 3597 loco,
563 3554 613 3597 oro,
620 3540 737 3605 ntjnbest
748 3558 786 3590 me
796 3558 825 3591 ex
834 3541 879 3591 boc
888 3542 950 3601 loco,
999 3544 1063 3595 esim
1073 3547 1182 3594 adstaret
1193 3546 1289 3609 legenda
1298 3542 1417 3608 rescripsit
1425 3541 1502 3591 Hein-

449 3614 533 3680 quovis
542 3614 649 3680 gentium
659 3611 769 3679 migrare·
999 3617 1049 3667 sius
1064 3615 1225 3667 emelioribus
1235 3616 1310 3675 libris,
1319 3625 1345 3666 et
1356 3615 1456 3665 Heinsio
1466 3614 1502 3663 vi·

481 3689 522 3737 23.
541 3688 589 3738 Nsc
601 3686 787 3753 messoriane]
805 3688 948 3755 Neeaqnm,
1000 3692 1069 3743 detur
1088 3692 1190 3741 Ouidius
1210 3690 1323 3740 adludere
1344 3689 1376 3739 sd
1396 3690 1501 3739 edictum
1607 3756 1610 3761 Δ

449 3771 492 3812 sut
511 3763 567 3811 elia
581 3763 702 3813 elemeuts
722 3763 748 3812 in
768 3763 868 3829 Scythis
889 3764 950 3813 milri
981 3765 1111 3824 ι(ὶεειιτίι,
1128 3782 1176 3832 quo
1196 3766 1339 3832 proscriptus
1355 3774 1421 3822 eret,
1439 3763 1502 3829 quod

449 3844 556 3902 prosunt,
570 3837 666 3901 jurent,
681 3844 739 3903 spts
756 3844 812 3887 suut
820 3837 880 3899 5jts
895 3839 950 3887 Art.
1000 3839 1088 3889 charte
1110 3839 1276 3904 consignatum
1292 3854 1378 3893 secum
1395 3838 1503 3887 sumine

449 3912 505 3959 Am.
516 3908 551 3959 iii.
561 3911 608 3959 57:
1000 3914 1114 3966 Nostrum
1123 3924 1158 3965 est
1164 3914 1305 3964 verosimile.
1319 3913 1407 3963 Forsan
1414 3922 1504 3971 tumen,

484 3984 547 4033 Dum
562 3985 629 4049 sarit
652 3988 780 4051 ingeniosi,
801 3989 873 4049 pstits
897 3988 952 4037 lrr'rre
982 4004 1075 4054 -quum
1096 3989 1188 4055 proprie
1216 3988 1384 4054 eleganterque
1408 3988 1505 4053 scripsit

512 4062 733 4122 precepto.prssllae.
999 4063 1147 4120 adnatetin
1154 4063 1280 4129 φαντασίᾳ
1288 4064 1415 4111 Fortunam
1422 4078 1503 4111 eorem

482 4135 524 4182 ³0.
541 4132 607 4182 Nm
618 4133 716 4198 lyons]
734 4134 780 4183 Pro
793 4133 911 4201 principio
926 4142 951 4182 et
1000 4152 1026 4185 se
1041 4136 1106 4186 ridet
1125 4144 1249 4201 tamquam
1266 4137 1384 4199 motabile
1401 4152 1501 4197 comm,-
1554 4158 1558 4167 ·

449 4208 526 4275 prima
542 4218 610 4275 perte
625 4206 732 4275 hyemis:
753 4208 788 4259 sic
801 4226 842 4259 rer
860 4209 886 4257 in
902 4216 951 4259 tres
999 4209 1072 4261 lectio
1087 4214 1196 4267 υὶάηιᾱα.
1207 4220 1249 4261 sut
1265 4210 1343 4277 potius
1358 4208 1429 4259 lectio
1445 4210 1501 4259 cod.

449 4290 529 4350 psrtes
544 4281 666 4341 dividitur,
681 4298 777 4341 norum,
791 4284 909 4342 adultum,
926 4290 951 4332 et
1001 4285 1177 4350 Hsmburgens.
1189 4286 1299 4351 lugenda,
1310 4284 1384 4351 aptior
1393 4282 1438 4333 erit
1449 4300 1502 4333 sen-

447 4358 754 4425 uuescens,relproeepa
999 4358 1044 4416 sui,
1052 4358 1165 4417 illusioni,
1176 4368 1201 4409 et
1212 4358 1236 4408 vi
1247 4359 1355 4425 poetice.
1388 4359 1503 4408 Herus.

481 4434 523 4482 ³1.
539 4432 708 4483 Meam-m
722 4434 805 4498 terret]
823 4434 950 4499 Tanusm
1000 4432 1083 4481 ΓΜ
1093 4450 1145 4483 srsc
1148 4435 1264 4501 sortasse.
1297 4432 1409 4493 Qualitas
1423 4444 1449 4484 et
1459 4434 1503 4485 de·

449 4514 523 4627 pppts
531 4515 644 4627 1qcerspst,
655 4514 679 4557 et
689 4506 716 4557 iu
725 4524 770 4559 sus
779 4515 896 4575 potestate
907 4506 958 4556 hm.
1000 4506 1106 4557 fortuitus
1115 4507 1159 4557 illa
1170 4524 1229 4559 mess
1237 4507 1388 4560 conditionis.

480 4588 499 4628 r.
555 4594 621 4630 nau.
