3609 5967
513 803 746 870 TRISTIUM
768 800 858 868 LlB.
879 802 912 867 Ι.
934 802 1071 870 ELEG.
1096 806 1124 870 I.
1275 808 1340 873 141

304 978 478 1075 Denique
495 1001 649 1052 securus
666 976 786 1063 samae,
805 976 912 1063 liber,
929 977 985 1051 irc
999 990 1211 1068 meinent03

352 1093 433 1167 Nec
452 1092 520 1165 tibi
538 1093 587 1166 sit
604 1093 704 1166 lecto
721 1091 962 1190 displicuisse
979 1093 1120 1191 pudor:
1290 1102 1339 1171 50

303 1206 389 1281 Non
405 1207 460 1280 ita
477 1233 517 1282 se
534 1208 644 1282 nobis
662 1207 806 1306 praebet
821 1207 971 1281 fortuna
988 1209 1205 1297 secundam,

352 1322 406 1395 Ut
422 1323 491 1396 tibi
509 1323 559 1396 sit
576 1324 670 1396 ratio
688 1323 810 1397 laudis
827 1323 1002 1397 habenda
1018 1335 1106 1398 tuae.

302 1436 432 1512 Donec
450 1462 552 1513 eram
571 1462 715 1537 sospes,
734 1437 835 1512 tituli
853 1440 1035 1535 tangebar
1051 1464 1188 1527 amore,

349 1552 629 1650 Quaerendique
647 1553 738 1627 mihi
756 1552 918 1627 nominis
934 1555 1046 1628 ardor
1063 1566 1155 1629 erat.

298 1667 480 1741 Carmina
489 1692 590 1741 nunc
603 1669 634 1740 si
650 1693 723 1742 non
737 1668 993 1766 studiumque,
1005 1671 1106 1767 quod
1120 1671 1250 1760 obfuit,
1263 1674 1336 1763 odi,

352 1782 413 1856 Sit
430 1784 543 1858 satis:
572 1784 793 1880 ingeniosic
810 1784 901 1880 luga
917 1795 1026 1884 parta
1041 1812 1138 1861 meo.
1290 1797 1338 1865 56

301 1895 319 1968 1
338 1907 477 1986 tamen,
497 1900 521 1986 i,
541 1923 607 1998 pro
624 1925 685 1974 me
702 1909 756 1986 tu,
775 1900 836 1973 cui
861 1901 963 1987 licet,
982 1902 1136 2000 adspice
1155 1903 1337 1981 Remum:

351 2013 400 2088 Dl
416 2014 596 2101 facerent,
616 2039 766 2114 possem
784 2040 883 2090 nunc
899 2041 1005 2090 meus
1023 2041 1107 2092 esse
1124 2019 1237 2094 liber!

302 2127 338 2200 N
341 2153 383 2203 ec
396 2141 445 2216 te,
458 2132 560 2230 quod
573 2133 700 2207 venias
715 2157 892 2229 magnam
907 2134 1126 2232 peregrinus
1141 2136 1178 2209 in
1191 2140 1336 2226 urbem,

350 2243 525 2341 Ignotum
543 2248 682 2346 populo
701 2272 812 2346 posse
827 2236 955 2323 venir‘e
973 2259 1077 2348 puta.
1289 2257 1339 2327 60

303 2357 356 2432 Ut
371 2360 482 2434 titulo
499 2385 639 2447 careas,
658 2363 741 2461 ipso
759 2386 914 2438 noscere
932 2365 1077 2452 colore3

350 2476 597 2554 Dissimulare
613 2480 707 2553 velis
726 2489 764 2552 te
781 2480 871 2553 licet
887 2504 973 2553 csse
991 2503 1129 2553 meum.

301 2590 413 2666 Clam
429 2604 555 2668 tamen
574 2597 725 2682 intrato,
745 2619 792 2669 ne
810 2605 848 2669 te
866 2619 953 2670 meo
968 2596 1134 2669 carmina
1150 2597 1311 2673 laedant:

354 2707 440 2782 Non
458 2721 558 2797 sunt,
577 2723 620 2784 ut
637 2711 828 2809 quondam
845 2712 960 2809 plena
975 2711 1110 2785 favoris
1127 2724 1246 2785 erant.

301 2822 344 2896 Si
363 2824 449 2921 quis
467 2826 548 2912 erit,
567 2827 702 2923 quite,
723 2827 812 2924 quia
829 2827 880 2899 sis
898 2851 1018 2913 meus,
1038 2852 1121 2901 esse
1139 2828 1339 2923 legendum

292 2960 295 2967 ’
351 2938 438 3012 Non
458 2941 1018 3040 putet,egre1niorejieiatque
1037 2966 1125 3032 su0;
1291 2951 1338 3020 66
1407 2960 1414 2967 ’

299 3051 465 3152 Inspice,
483 3055 557 3141 dic,
574 3056 743 3130 titulum:
763 3081 839 3128 non
856 3081 941 3129 sum
958 3069 1167 3156 praeceptor
1184 3060 1336 3135 amoris:

349 3167 452 3253 Quas
470 3170 618 3257 meruit,
638 3196 767 3269 poenas
779 3173 860 3269 jam
878 3171 984 3246 dedit
1001 3172 1093 3245 illud
1112 3198 1221 3273 opus.

332 3368 372 3416 5⁴.
389 3367 793 3433 Querendiooniniswomporao·
874 3369 916 3416 68.
936 3367 1007 3418 Nono
1026 3370 1108 3435 meus]
1135 3372 1211 3421 Probe
1230 3372 1338 3422 meliores

301 3439 337 3489 do
347 3440 425 3498 hm,
436 3441 471 3491 sic
481 3442 522 3490 lib.
531 3459 554 3491 r.
563 3442 631 3507 Eleg.
642 3442 684 3491 xii.
694 3445 734 3492 ³9.
843 3440 897 3490 libri
907 3456 994 3506 magno
1003 3458 1101 3493 nomem
1111 3461 1193 3507 porram
1205 3463 1268 3495 nuno
1276 3464 1338 3496 oreos

332 3516 372 3565 66.
387 3516 508 3580 Skutis]
527 3516 717 3582 Siiogeniocum
727 3518 793 3567 Heu·
843 3517 968 3565 cortilo.-
984 3516 1112 3581 eleganter,
1129 3510 1192 3585 quod
1209 3530 1234 3568 et
1252 3520 1276 3568 in
1288 3522 1338 3570 suis

300 3604 387 3639 ωηο
402 3589 500 3640 iocoso
516 3590 588 3639 dandi
604 3591 723 3648 sumserit,
735 3592 794 3657 quio
843 3587 965 3638 invenerat
984 3590 1125 3655 Naugerius.
1165 3593 1264 3658 Vulgoti
1283 3611 1337 3659 per·

300 3662 370 3729 hujus
389 3666 558 3731 conjecturem,
579 3669 610 3714 sit
629 3670 684 3715 sotis
703 3669 794 3731 iugenio
843 3678 922 3727 peram
931 3679 1184 3725 pontononrueuoosoe.
1216 3666 1305 3716 Huius.

299 3755 349 3795 m,
362 3740 455 3804 probes,
466 3749 508 3789 aot
522 3740 582 3805 fugo
597 3756 639 3805 pro
653 3740 737 3789 exsilio
751 3757 793 3789 ex·
875 3737 915 3784 61.
933 3736 984 3799 Ipso
999 3740 1091 3803 coloro]
1112 3741 1188 3804 Nigro
1203 3748 1228 3788 et
1244 3739 1338 3805 lugubri

300 3812 382 3878 plion,
400 3814 491 3880 planior
509 3815 568 3863 forte
584 3814 681 3864 exsistet
697 3831 792 3864 sensus:
843 3810 935 3867 habitu,
946 3820 970 3861 et
980 3813 1182 3878 versibusquibus
1192 3815 1338 3881 conscriptus

299 3887 364 3936 otim
384 3888 484 3954 gloriam
505 3888 583 3937 leodis
603 3888 710 3953 quesivi,
730 3906 793 3938 nunc
842 3900 876 3933 es.
908 3886 946 3933 M.

299 3977 355 4011 vem
367 3962 498 4028 ingenium,
514 3961 538 4011 h.
548 3978 570 4011 c.
588 3962 680 4012 indoles
696 3972 737 4012 eut
753 3978 794 4011 oo-
875 3959 916 4007 66.
934 3958 1000 4012 Quod
1010 3962 1029 4007 η’
1039 3959 1119 4023 mus]
1139 3961 1201 4015 Qou'o
1215 3964 1246 4010 oio
1255 3962 1337 4012 melio·

300 4035 371 4084 mdi
381 4035 557 4098 §commonia
566 4036 647 4085 clun
658 4037 720 4084 obss.
732 4036 794 4085 LI.
842 4040 1000 4081 resetrecto:
1018 4031 1106 4097 dequo
1117 4034 1337 4096 olibiostdictum

300 4126 324 4176 p.
333 4112 390 4168 232,
400 4110 505 4160 med.
515 4109 669 4171 Altenb.)ita
677 4118 794 4159 montom
842 4105 912 4154 Trist.
928 4106 970 4157 lib.
988 4106 1013 4155 ii.
1028 4108 1069 4156 49.
1083 4121 1117 4157 ex
1137 4108 1241 4175 antiquio
1256 4109 1337 4159 libris:

295 4196 344 4241 ott,
354 4195 381 4235 ut
393 4184 452 4234 sotio
466 4184 525 4233 milri
540 4184 611 4241 sitsi
626 4184 660 4241 id,
670 4184 735 4249 quod
751 4186 793 4234 ob·
846 4180 920 4244 thue
934 4191 989 4230 toruo
1005 4184 1091 4247 gaudet
1103 4185 1173 4241 mdes.
1186 4187 1241 4247 quio
1258 4186 1338 4232 vicerit

297 4258 353 4313 init,
361 4275 408 4309 non
418 4260 467 4308 odi.
499 4258 612 4307 Horres
837 4256 932 4305 dustein.
966 4255 1055 4304 Herus.

334 4334 373 4381 67.
389 4331 646 4396 ltmomotpromoJ
666 4332 702 4381 To
711 4342 793 4392 torreo,
874 4331 916 4379 67.
938 4329 992 4379 Non
1016 4347 1066 4379 oum
1090 4339 1213 4392 preceptor
1235 4328 1338 4391 ommia]

300 4410 311 4455 l
327 4424 370 4469 pro
383 4424 423 4455 m
441 4407 512 4457 Polit.
531 4408 608 4456 l'atio.
626 4416 652 4457 et
670 4416 717 4457 troo
734 4406 792 4456 olii:
843 4404 899 4454 Non
914 4412 989 4454 tracto
1001 4412 1078 4453 ortem
1092 4403 1195 4459 mendi.
1213 4410 1240 4449 ut
1255 4401 1339 4451 fratros

294 4481 362 4531 alter
387 4481 505 4539 Politiaoi,
526 4482 621 4531 loono
640 4492 663 4530 ct
687 4499 729 4545 pro
750 4500 794 4531 ne.
841 4479 959 4527 meinos:
976 4474 1292 4527 etii.del'ont.l'.l.x.15.

292 4555 659 4621 ‘Scribeltmmprom
676 4557 717 4622 qui
735 4572 793 4607 sone
874 4553 939 4602 Nono
959 4568 1042 4614 porum
1064 4553 1166 4612 prudens
1184 4558 1259 4597 ortem
1282 4550 1337 4599 dun

300 4630 420 4681 venustior
430 4630 540 4696 loquendi
549 4632 634 4681 modus
644 4639 687 4680 ett-
940 4626 1135 4681 troototomondi,
1177 4661 1182 4671 .
