3609 5967
332 798 339 805 '
429 786 502 853 EX
526 783 689 852 ΡΟΝΤΟ
714 783 806 849 LIB.
824 782 895 849 111.
920 784 1067 853 EPIST.
1084 786 1157 854 111.
1255 792 1322 859 4⁵0

138 946 143 959 ⁸
270 959 400 1046 Effice,
419 960 470 1035 sit
488 960 596 1035 nobis
613 983 690 1033 noo
709 957 961 1057 implacabilis
980 959 1046 1046 ira,

320 1075 463 1174 Meque
481 1076 564 1152 loco
582 1074 698 1175 plecti
717 1076 974 1151 commodiore
991 1077 1095 1151 velit.

270 1191 364 1267 Haec
382 1218 454 1291 ego
471 1193 575 1267 visus
593 1217 697 1268 eram
713 1216 831 1292 puero
848 1193 994 1267 dixisse
1011 1194 1174 1279 volucri;
1271 1202 1320 1273 65

321 1308 403 1383 Hos
420 1310 522 1383 visus
540 1310 650 1384 nobis
670 1311 734 1384 ille
750 1309 904 1385 dedisse
921 1333 1057 1386 sonos:

271 1425 357 1512 Per,
377 1449 463 1501 mea
480 1425 569 1511 tela,
585 1424 701 1513 laces,
718 1436 758 1499 et
775 1448 856 1524 per,
875 1436 962 1500 mea
979 1426 1068 1513 tela,
1087 1424 1259 1523 sagittas,

319 1543 397 1618 Per
414 1555 574 1617 matrem
587 1545 688 1641 juro,
708 1542 1005 1639 Caesareumque
1023 1556 1156 1641 caput3

271 1658 351 1746 Nil,
370 1659 443 1734 nisi
460 1683 697 1746 concessum,
717 1682 785 1733 nos
803 1671 842 1732 te
860 1658 1041 1734 didicisse
1057 1660 1250 1759 magistro,

320 1774 477 1848 Artibus
496 1785 536 1853 et
553 1773 697 1847 nullum
715 1773 858 1847 crimen
875 1774 1002 1849 inesse
1019 1775 1109 1849 tuis.
1276 1785 1325 1853 70

272 1889 404 1990 thue
421 1889 505 1976 hoc,
518 1890 573 1963 sic
591 1888 736 1962 utinam
754 1888 958 1964 defendere
975 1902 1116 1966 caetera
1133 1894 1287 1991 possesl

322 2006 407 2080 Scis
425 2006 539 2091 aliud,
558 2004 662 2103 quod
680 2016 719 2079 te
737 2003 889 2091 laeserit,
909 2028 994 2080 esse
1012 2007 1146 2104 magis.

272 2120 463 2219 Quicquid
479 2122 517 2197 id
529 2131 599 2208 est,
611 2121 851 2219 nequeenim
863 2122 1170 2199 debetdolorille
1183 2123 1323 2211 referri,

296 2276 301 2282 ·
323 2237 409 2312 Non
427 2248 536 2337 potes
555 2262 577 2313 a
595 2238 710 2337 culpa
725 2237 853 2313 dicere
871 2240 1008 2313 abesse
1026 2249 1105 2313 tua.

270 2353 329 2427 Tu
346 2355 437 2429 licet
452 2353 588 2430 erroris
607 2355 679 2427 sub
698 2353 862 2451 imagine
876 2355 1023 2429 crimen
1039 2357 1255 2444 obumbres,
1276 2362 1324 2434 75

322 2470 359 2544 N
361 2495 411 2544 on
428 2469 575 2566 gravior
592 2469 727 2543 merito
743 2469 904 2544 vindicis
922 2470 978 2544 ira
994 2469 1079 2545 fuit.
1190 2470 1195 2477 ’

272 2585 328 2661 Ut
344 2597 472 2663 tamen
490 2585 740 2686 adspicerem,
759 2587 1051 2684 consolarerque
1064 2588 1272 2685 jacentem,

304 2767 309 2776 ,
324 2700 451 2802 Lapsa
467 2727 536 2803 per
553 2703 756 2779 immensas
774 2714 834 2778 est
851 2703 944 2778 milri
962 2703 1196 2801 pecuarias.

273 2815 367 2893 Haec
385 2820 569 2895 locatum
588 2821 751 2919 primum
768 2820 858 2907 vidi,
870 2845 990 2919 quum
1007 2830 1127 2895 matre
1143 2831 1300 2918 rogante

323 2933 482 3009 Phasias
501 2946 562 3011 est
578 2936 665 3011 telis
682 2936 761 3010 fixa
778 2935 907 3034 puella
923 2935 1031 3012 meis.
1276 2941 1325 3011 80

272 3048 367 3135 Quae
385 3076 485 3126 nunc
504 3076 571 3126 cur
584 3052 720 3127 iterum
739 3063 827 3150 post
844 3054 987 3127 saecula
1004 3052 1118 3150 longa
1134 3053 1308 3143 revisam,

321 3166 381 3241 Tu
398 3167 504 3257 lacis,
524 3193 546 3243 o
565 3170 698 3244 castris
717 3170 825 3244 miles
843 3170 965 3245 amice
982 3170 1091 3244 meis.

273 3281 379 3358 Pone
397 3296 522 3359 metus
540 3285 674 3383 igitur;
696 3286 872 3360 mitescet
892 3285 1058 3360 Caesaris
1077 3286 1144 3372 ira,

323 3396 376 3474 Et
392 3401 519 3477 veniet
535 3401 633 3477 votis
651 3402 799 3477 mollior
815 3402 908 3477 hora
924 3402 1014 3476 tuis.
1277 3406 1325 3476 84

274 3514 380 3590 Neve
401 3541 543 3591 moram
563 3518 710 3605 timeas,
724 3529 887 3617 tempus,
908 3518 1013 3614 quod
1033 3515 1250 3613 quaerimus,
1270 3515 1325 3589 in·

324 3632 552 3732 Cunctaque
563 3635 704 3709 laetitiae
716 3636 830 3733 plena
839 3632 1053 3731 triumphus
1064 3631 1193 3706 habet.
1207 3633 1323 3729 [stat3

305 3883 345 3932 70.
357 3882 413 3932 Tuis
424 3883 535 3948 utibile]
553 3883 614 3933 Tuis
628 3883 775 3935 carminibus
825 3882 889 3947 tun]
911 3881 981 3932 Liber
990 3883 1064 3930 alme
1073 3888 1189 3946 quatuor,
1199 3895 1261 3930 unm
1271 3882 1329 3932 tiber

273 3956 662 4023 etpraeoeptisdedrteamnudi.
825 3961 919 4017 adem,
935 3956 967 4006 el.
983 3959 1056 4005 libera
1070 3971 1122 4005 care.
1149 3953 1220 4005 latet
1236 3954 1328 4022 aliquid

305 4032 345 4081 71.
357 4031 465 4096 ceum]
484 4033 545 4091 Qum
562 4032 675 4082 leserunt
690 4031 775 4096 Augu·
824 4030 914 4082 mendi.
930 4030 1020 4079 Hsrss.
1053 4028 1328 4094 Huncsensumexpla·

273 4114 347 4155 num.
825 4104 973 4156 natPlrndr.
984 4104 1005 4153 1.
1017 4120 1040 4152 r.
1051 4106 1081 4151 5:
1096 4104 1169 4165 culpe
1178 4106 1312 4164 prasinam.

305 4180 345 4230 72.
357 4182 429 4230 Aliud
444 4182 517 4246 mgis
526 4179 592 4243 m]
611 4178 687 4228 Aliud
698 4178 775 4245 magis
857 4181 898 4228 80.
922 4178 1007 4226 Puella
1029 4175 1146 4238 Phocion]
1171 4175 1270 4230 Medea,
1292 4174 1327 4223 sic

273 4268 447 4320 nocemqnsm
455 4253 560 4303 carmine
568 4253 692 4303 amatoria.
710 4252 773 4311 Qni-
824 4252 891 4304 dicte
917 4267 933 4300 a
962 4250 1044 4307 Phasi,
1071 4247 1213 4299 Colchorum
1246 4247 1327 4297 fluvio.

273 4327 320 4379 bus
344 4328 422 4377 verbis
447 4325 540 4394 liquido
563 4327 671 4394 adparet,
695 4326 774 4376 exsilii
824 4327 923 4376 Mrcrn.

272 4410 349 4467 poete
360 4418 457 4452 canum
466 4402 538 4451 aliem
548 4402 632 4459 luisse,
639 4417 711 4468 quarn
721 4416 773 4451 car·
857 4403 897 4450 86.
912 4398 1051 4460 Trina-plus
1067 4394 1153 4458 lebet]
1170 4393 1325 4460 Triumphum

273 4475 339 4525 mine
348 4477 472 4527 amatoria.
823 4474 912 4525 ‘liberii
925 4473 956 4522 de
967 4469 1088 4525 Dalmatis
1105 4478 1130 4518 et
1145 4466 1235 4534 lllyrlis
1246 4475 1326 4518 sunm

306 4551 346 4598 74·
359 4549 411 4605 Nou
425 4561 485 4611 pota
500 4570 514 4599 o
528 4554 687 4614 culpodicere
701 4552 774 4598 obtuso
824 4548 940 4613 intellige⁴
968 4546 1067 4594 Mrcrr..
