3609 5967
498 762 563 827 194
783 762 822 829 Ρ.
846 763 1007 830 OVIDII
1030 762 1255 829 NASONIS.

499 935 611 1011 Parte
628 937 752 1013 minus
768 941 905 1037 quarta
924 938 1122 1037 dereptum
1139 939 1278 1013 cortice
1296 940 1449 1037 gummi,

524 1053 601 1129 *Et
615 1057 805 1131 modicum
822 1082 843 1131 e
861 1057 1023 1155 myrrhis
1042 1056 1245 1155 pinguibus
1264 1056 1362 1131 adde
1378 1057 1532 1130 cubum.

499 1169 593 1245 Haec
611 1173 676 1246 ubi
692 1174 875 1259 contritis,
894 1197 962 1271 per
979 1172 1098 1247 densa
1114 1171 1296 1245 foramina
1312 1196 1444 1247 cerne:

550 1287 678 1363 Pulvis
696 1290 745 1363 ab
762 1290 884 1362 inluso
902 1289 1013 1363 melle
1030 1289 1257 1388 premendus
1276 1290 1358 1363 erit.
1489 1292 1538 1361 90

500 1402 1202 1481 Proluitetmarathrosbeneolentibus
1210 1406 1349 1481 addere
1357 1404 1535 1503 myrrhis;

550 1520 728 1620 Quinque
745 1524 894 1597 trahant
907 1526 1084 1598 marathri
1102 1524 1291 1622 scrupula,
1306 1523 1457 1621 myrrha
1473 1544 1538 1593 uo-

648 1662 745 1711 vem.

499 1753 727 1854 Arentisque
743 1781 839 1831 rosae
853 1769 1036 1854 quantum
1053 1780 1186 1831 manus
1203 1779 1279 1830 uua
1295 1753 1513 1853 prehendat,

551 1870 727 1970 Cumque
743 1873 990 1949 Ammoniaco
1005 1876 1172 1949 mascula
1189 1885 1273 1947 tura
1290 1872 1380 1947 sale.

502 1984 655 2061 Hordea
672 2013 787 2087 quem
802 1990 945 2064 faciunt
961 1992 1034 2064 illis
1053 1990 1216 2068 adfunde
1234 2009 1451 2063 cremorem.
1491 1988 1538 2058 95

551 2104 719 2202 AEquent
734 2130 922 2205 expensas
940 2132 1026 2181 curn
1045 2108 1123 2182 sale
1140 2119 1224 2180 tura
1240 2129 1357 2178 rosas,

501 2217 687 2318 Tempore
704 2221 757 2295 sis
774 2246 887 2321 parvo
906 2224 1038 2298 molles
1055 2224 1144 2298 licet
1161 2223 1255 2295 illita
1269 2221 1417 2308 vultus3

553 2334 722 2411 Haerebit
738 2348 817 2412 toto
834 2341 975 2413 multus
993 2340 1032 2412 in
1048 2363 1112 2413 ore
1127 2339 1242 2411 color.

505 2449 593 2525 Vidi
613 2475 698 2549 quae
716 2454 842 2551 gelide
857 2454 1070 2533 madefacta
1086 2476 1274 2552 papavera
1290 2450 1445 2549 lymphd

553 2564 787 2657 Contereret,
805 2571 944 2645 teneris
961 2571 1198 2668 illineretque
1215 2566 1334 2665 genis,
1472 2568 1541 2637 100

703 2754 727 2798 1
828 2756 851 2800 1
954 2757 975 2800 1
1078 2756 1099 2799 1
1201 2755 1222 2798 1
1321 2753 1343 2796 1

535 2954 576 3001 97.
591 2952 1000 3021 Direprmneortr'eegum'.11ae3e
1050 2954 1189 3012 Murutlrroe,
1212 2961 1240 3002 ut
1262 2950 1402 3001 loeuiculum
1420 2949 1544 3014 significet

502 3030 628 3088 dereptum,
638 3036 664 3077 et
672 3027 728 3077 vide
738 3043 792 3092 que
802 3029 946 3079 notoAmor.
956 3029 999 3079 lib.
1049 3028 1135 3092 Neque
1145 3034 1261 3093 repugnat
1269 3040 1351 3089 genua,
1362 3039 1417 3073 cum
1430 3023 1543 3089 pleraque

502 3100 653 3150 i.1=21.v.13.
684 3101 775 3150 Hune.
1049 3100 1164 3166 ejusmodi
1178 3100 1273 3149 nomine
1291 3100 1316 3148 in
1329 3116 1357 3148 ur
1372 3108 1397 3147 et
1412 3098 1438 3147 iu
1450 3114 1489 3145 um
1500 3098 1543 3146 de·

537 3176 578 3223 99.
601 3175 703 3239 Clonin]
730 3176 819 3223 cubum
835 3174 951 3223 ciurana·
970 3190 1000 3223 ex
1049 3174 1139 3224 clinare
1152 3174 1305 3240 reperiuntur.
1320 3182 1347 3222 ut
1362 3172 1544 3234 unumne

504 3247 554 3297 euin
563 3245 638 3297 libris.
647 3248 765 3313 quomodo
775 3257 799 3297 et
810 3249 858 3298 duo
867 3264 897 3297 ex
908 3248 1001 3297 numne.
1049 3266 1133 3311 upum,
1144 3248 1241 3313 lntydnr
1255 3259 1277 3297 et
1291 3247 1407 3311 intybum,
1424 3247 1509 3295 Gruter
1520 3255 1545 3295 et

504 3322 695 3381 SedPnletinue,
711 3325 809 3373 modim
823 3326 914 3372 culum.
931 3324 1003 3372 crrbue
1052 3322 1156 3380 Crocum,
1168 3336 1192 3372 et
1201 3323 1227 3371 id
1237 3338 1311 3386 genus
1322 3322 1376 3371 ulia.
1408 3321 1505 3369 Mroru.

504 3411 546 3461 pro
571 3395 683 3461 amphora
703 3396 797 3461 ponitur
819 3398 885 3464 apud
908 3397 1000 3446 Rhem·
1082 3396 1124 3445 92.
1144 3396 1249 3459 Quinque
1261 3395 1364 3459 parent]
1384 3395 1459 3444 Vetus
1472 3394 1545 3443 lectio

505 3468 579 3525 nium,
600 3469 642 3533 qui
665 3470 766 3535 priorem
789 3472 908 3536 producit.
941 3470 1001 3519 Am·
1051 3482 1195 3532 conparent,
1206 3479 1234 3519 ut
1247 3469 1279 3519 eit
1289 3469 1372 3518 modun
1386 3467 1546 3534 inperatirue.

505 3542 579 3609 phora
595 3542 654 3592 lacit
670 3544 731 3593 duee
747 3560 826 3593 urnae.
858 3543 924 3593 Hui!
948 3552 1001 3593 tan·
1050 3545 1125 3593 Mun.
1159 3545 1269 3594 Muretus
1289 3544 1356 3607 legit,
1375 3544 1480 3606 Quinque
1496 3552 1546 3591 tra-

506 3626 556 3665 tum
564 3617 678 3682 myrrha!
696 3616 1000 3687 miuuecertelibenlieco·
1051 3622 1115 3670 lant.
1131 3620 1196 3685 quod
1213 3620 1309 3669 verbum
1327 3618 1358 3668 ed
1373 3618 1468 3684 pondua
1481 3616 1546 3667 miri-

505 3692 551 3740 dex
563 3692 694 3749 Palatinue,
705 3692 746 3757 qui
756 3692 878 3741 dimidiam
889 3694 951 3742 cubo
959 3708 1002 3741 uu·
1052 3694 1307 3745 ficeaceommodutur.
1340 3693 1380 3741 Sic
1388 3694 1467 3743 Greci
1477 3702 1547 3743 utun·

506 3765 660 3829 lertpertem.
692 3766 726 3814 At
736 3766 850 3815 Ciolauue
861 3774 1003 3831 proteum
1051 3770 1170 3819 tnrverbo
1181 3767 1267 3819 ἕλκειν.
1300 3767 1371 3817 (ἔων.

507 3840 624 3903 quadrata
631 3841 807 3907 iuterpretatur.
830 3843 869 3891 Ne
878 3842 939 3891 illud
950 3842 1003 3907 qui·
1084 3844 1124 3892 95.
1142 3842 1287 3905 cremorem]
1307 3842 1400 3891 Cronor
1412 3841 1437 3890 id
1450 3840 1547 3891 terrm

507 3913 562 3961 dem
569 3913 660 3977 placet:
672 3914 1003 3981 utdicattlvidiuemyrrlrem
1051 3924 1096 3973 eet,
1118 3918 1183 3982 quod
1203 3916 1356 3966 Dioscorides
1376 3915 1483 3981 ιρὲμνον
1505 3932 1549 3981 ap-

508 3986 891 4040 eddeudumeeeeedmeusurem
904 3988 1002 4038 modica
1051 3992 1133 4056 pellat.
1175 3990 1300 4043 Cornelius
1324 3990 1408 4040 Celeue
1428 4006 1548 4038 memorem

507 4067 611 4109 tenere.
644 4061 735 4111 Heme.
1050 4068 1144 4127 prtem
1156 4080 1197 4131 pro
1211 4080 1283 4115 rucco
1296 4064 1343 4114 fere
1358 4061 1455 4129 accipit,
1465 4070 1492 4112 ut
1507 4061 1548 4110 hie

539 4136 581 4184 91.
598 4135 736 4201 muna]
754 4137 1003 4204 Arbitrorlegeudum,
1053 4139 1127 4188 Naro.
1159 4140 1232 4189 Men.
