3609 5967
482 794 716 863 rurs‘rluu
740 795 831 862 LIB.
857 794 927 862 ΙΙΙ.
951 796 1089 875 ELEG.
1114 801 1184 866 111.
1307 801 1373 868 227

659 1128 907 1204 ausura
945 1130 1022 1243 ¹111.

314 1341 413 1415 Hac
432 1365 530 1427 mea,
548 1341 581 1415 si
599 1366 693 1416 nasu
711 1336 870 1428 miraris,
889 1341 1053 1440 epistola
1070 1366 1188 1440 quare

364 1455 534 1531 Alterius
552 1456 682 1553 digitis
701 1454 845 1555 scripta
858 1457 932 1546 sit3
962 1482 1062 1555 aeger
1079 1483 1202 1532 eram:
1230 1456 1236 1461 ’

314 1572 430 1670 AEger
447 1572 487 1645 in
505 1573 687 1646 extremis
706 1573 823 1670 ignoti
841 1573 1014 1671 partibus
1032 1575 1146 1661 orbis,

340 1762 346 1765 .
366 1686 620 1785 incertusque
638 1702 733 1762 mem
752 1712 860 1787 paene
879 1689 1011 1762 salutis
1029 1714 1144 1765 eram.

314 1803 417 1888 Quid
436 1803 528 1878 mihi
546 1830 647 1879 nuno
665 1806 777 1880 animi
797 1804 879 1879 dira
896 1805 1048 1902 regione
1061 1808 1204 1905 jacenti
1350 1813 1372 1881 5

365 1919 470 1995 Inter
488 1918 733 1995 Sauromatas
751 1945 836 1995 esse
855 1922 1053 2020 Getasque
1071 1924 1209 2021 putes?

315 2034 398 2112 Nec
415 2037 552 2111 coelum
570 2038 704 2136 patior,
725 2062 795 2112 nee
814 2037 924 2136 aquis
943 2037 1183 2113 adsuevimus
1202 2040 1297 2125 istis,

363 2150 554 2251 Terraque
573 2154 702 2229 nescio
720 2179 798 2253 quo
816 2178 890 2228 uon
909 2155 1037 2253 placet
1055 2155 1139 2255 ipsa
1156 2157 1291 2231 modo:

208 2296 212 2301 ’
315 2267 402 2344 Non
419 2270 554 2345 domus
573 2282 664 2371 apta
681 2271 774 2346 satis
790 2300 799 2361 ;
829 2296 905 2345 non
922 2272 983 2345 hic
1002 2272 1111 2345 cibus
1130 2272 1232 2345 utilis
1250 2297 1372 2368 aegr03

367 2386 518 2472 Nullus,
539 2385 742 2484 Apollinea
758 2388 825 2486 qui
844 2389 947 2462 levet
964 2398 1044 2461 arte
1063 2376 1224 2462 malurn:
1330 2394 1375 2461 10

317 2500 404 2575 Non
423 2502 489 2598 qui
508 2504 663 2589 soletur,
683 2526 759 2575 non
778 2502 844 2600 qui
862 2503 1030 2577 labentia
1046 2504 1153 2578 tarde

368 2614 556 2716 Tempora
573 2619 758 2693 narrando
776 2617 893 2706 fallat,
914 2618 1058 2693 amicus
1077 2619 1197 2692 adest.
1237 2654 1241 2657 2

319 2731 461 2806 Lassus
479 2733 518 2805 in
535 2735 716 2807 extremis
729 2736 841 2831 jaceo
858 2718 1088 2833 populisque
1105 2734 1298 2833 locisque;

370 2846 421 2921 Et
439 2848 542 2921 subit
559 2847 707 2923 adiecto
725 2872 825 2922 nuuc
844 2848 949 2935 mihi,
969 2849 1157 2948 quidquid
1176 2851 1297 2924 abest.

319 2963 460 3038 Omnia
476 2989 592 3063 quum
608 2966 782 3053 subeant,
793 2965 913 3039 vincis
926 2976 1053 3039 tamen
1068 2966 1205 3051 omnia,
1222 2968 1376 3064 conjux,

369 3081 422 3154 Et
439 3081 526 3180 plus
544 3082 582 3155 iu
601 3093 730 3157 nostro
751 3092 904 3181 pectore
926 3092 1033 3180 parte
1052 3092 1174 3157 tenes.
1332 3086 1378 3156 16

316 3195 373 3271 Te
391 3197 527 3294 loquor
544 3198 761 3273 absentem:
790 3207 828 3273 te
846 3220 921 3271 vox
939 3219 1025 3272 mea
1042 3197 1211 3271 nominat
1228 3192 1363 3271 unam:

371 3312 487 3388 Nulla
503 3314 607 3389 veuit
622 3313 705 3391 sine
723 3324 761 3389 te
779 3339 857 3389 nox
874 3313 980 3400 mihi,
1000 3312 1105 3391 nulla
1121 3313 1215 3387 dies.

321 3426 422 3511 Quin
440 3429 570 3516 etiam,
589 3430 645 3504 sic
663 3454 724 3507 me
743 3430 876 3503 dicunt
893 3428 1018 3504 aliena
1034 3430 1214 3516 locutum,

373 3543 427 3618 Ut
443 3544 541 3621 foret
558 3547 700 3621 amenti
718 3571 857 3622 nomen
875 3548 915 3619 iu
932 3569 997 3620 ore
1014 3556 1134 3620 tuum.
1329 3550 1379 3619 20

355 3807 378 3854 l.
396 3805 453 3855 Her
472 3824 530 3863 nou,
551 3811 571 3857 ω’
591 3809 668 3871 em]
699 3808 724 3857 st
741 3812 825 3872 corpas
875 3827 939 3859 aune
949 3811 1071 3867 animum
1087 3808 1167 3856 minus
1177 3807 1307 3873 eleganter.

319 3880 401 3947 scripti
422 3880 521 3946 quidum
535 3891 570 3939 ,et
590 3883 675 3949 prisco
698 3882 825 3934 editiones.
910 3880 1303 3948 14.Etsubr'tadssctununcmibt
1313 3883 1381 3944 qaid·

321 3955 413 4005 Herus.
875 3959 931 4021 qaid
944 3957 1026 4020 aben]
1049 3956 1144 4021 drisoeto
1159 3953 1310 4004 scribendum
1325 3970 1381 4003 cum
1416 3998 1419 4003 ⁴

352 4032 376 4079 3.
394 4030 474 4096 Ignoti
483 4030 567 4094 orbiu]
584 4031 699 4095 Scythia,
710 4031 741 4080 ad
752 4046 826 4097 quum
875 4047 925 4081 uno
941 4030 1044 4088 codice;
1061 4029 1135 4095 idque
1148 4030 1201 4094 jam
1215 4029 1277 4078 vidit
1290 4027 1382 4094 politis-

321 4119 437 4169 perqm
447 4104 519 4171 pauci
530 4104 664 4153 accedunt:
681 4112 706 4153 et
721 4104 776 4154 ideo
789 4107 825 4171 ig·
876 4104 952 4153 simus
969 4104 1112 4170 Naugerius.
1150 4103 1263 4169 Adfectus
1279 4100 1382 4165 graviter

254 4194 261 4209 r
321 4177 607 4243 mmmbmdpaiiat.
639 4179 712 4227 Mna.
877 4187 1011 4243 egrotum
1038 4177 1173 4233 Suetonius.
1194 4173 1304 4225 Tiberio:
1333 4175 1381 4222 Ad·

353 4257 377 4300 ⁴.
404 4252 555 4317 Incertasque
581 4269 633 4302 m
656 4268 719 4315 potu
742 4253 825 4301 natatu
868 4252 963 4320 sectam
979 4256 1078 4317 reperit,
1095 4256 1133 4302 red
1152 4263 1228 4301 tamen
1244 4249 1321 4297 adbuc
1337 4250 1383 4310 rpi-

321 4326 404 4389 m]
422 4327 516 4376 Versus
526 4336 659 4393 suspectus.
694 4326 784 4375 Herus.
877 4337 977 4377 rentem.
1011 4327 1101 4376 Hrrss.

357 4401 382 4447 d·
392 4399 735 4463 momenmentum}
744 4398 827 4449 Scribe
911 4400 952 4450 16.
972 4401 1002 4448 Et
1018 4402 1071 4462 plus
1085 4404 1111 4448 in
1126 4408 1201 4447 nostra
1215 4404 1384 4457 prioreparte

322 4486 380 4521 eum
391 4472 505 4533 hidensi
521 4474 614 4534 codiee,
626 4475 690 4530 Quid
699 4476 755 4523 miti
766 4492 829 4523 nunu
879 4476 961 4540 tram]
981 4475 1040 4524 Plus
1053 4489 1127 4540 quam
1144 4478 1237 4537 partem
1252 4476 1327 4524 tenes,
1340 4484 1383 4525 seu

324 4548 412 4595 animi:
434 4557 500 4610 peter
519 4550 593 4599 etiam
614 4566 657 4616 pro
674 4558 743 4612 putas
760 4548 830 4597 multi
879 4547 1027 4614 potissimam
1038 4554 1130 4613 purtem
1140 4544 1166 4594 in
1176 4550 1272 4610 pectore
1283 4547 1382 4593 meote-

323 4627 424 4671 πίω.
468 4623 549 4673 Nostri
577 4626 648 4674 nubo
675 4624 748 4679 Quem
774 4624 830 4670 mibi
880 4635 931 4671 nes.
967 4621 1047 4668 Posr.
