3609 5967
447 745 492 811 74
744 740 784 807 Ρ.
807 738 969 807 0v1n11
993 738 1204 807 NASONIS

452 916 588 993 Ponite
600 916 681 1014 jam
698 914 842 1011 gladios
859 914 1036 1003 hebetem
1065 923 1254 1013 pugnetur
1270 913 1404 989 acutis.

504 1032 586 1107 Nec
604 1031 748 1118 dubito,
766 1031 850 1105 telis
868 1030 961 1128 quin
977 1040 1084 1129 petar
1100 1029 1183 1127 ipse
1200 1030 1306 1104 meis.
1416 1032 1491 1103 590

454 1148 556 1223 Dum
575 1146 678 1221 cadit
699 1145 738 1219 in
754 1146 910 1243 laqueos
927 1155 1061 1243 captus
1079 1168 1232 1243 quoque
1251 1168 1370 1245 nuper
1388 1137 1490 1219 ama-

602 1274 679 1351 tor;

504 1379 634 1453 Solum
652 1402 694 1451 se
710 1376 893 1451 thalamos
911 1387 1039 1476 speret
1055 1377 1194 1451 habere
1210 1387 1308 1451 tuos,

454 1496 659 1572 Postmodo
677 1494 840 1580 rivalem,
859 1494 1073 1593 partitaque
1088 1492 1231 1568 ioedera
1245 1492 1333 1567 lecti

506 1613 664 1686 Sentiat.
692 1610 760 1683 has
778 1619 878 1685 artes
895 1610 1006 1699 tolle;
1036 1620 1209 1685 senescet
1225 1633 1340 1683 amor.

454 1728 552 1803 Tum
564 1729 662 1801 bene
673 1724 777 1799 fortis
788 1750 909 1826 equus
921 1736 1087 1801 reserato
1096 1748 1246 1799 carcere
1258 1724 1389 1813 ourrit;
1417 1727 1490 1800 595

506 1842 617 1929 Cum,
633 1866 728 1939 quos
741 1852 952 1940 praetereat,
966 1866 1139 1940 quosque
1155 1854 1347 1940 sequatur,
1362 1842 1489 1917 habet.

456 1958 675 2045 Quamlibet
686 1957 874 2032 extinctos
891 1957 1028 2055 injuria
1043 1958 1202 2031 suscitat
1217 1958 1337 2055 ignes.

507 2074 567 2149 En
584 2098 654 2171 ego
672 2072 885 2171 (confiteor)
903 2096 979 2147 non
995 2072 1068 2146 nisi
1084 2073 1197 2145 loesus
1214 2097 1311 2147 amo.

458 2190 605 2266 Caussa
620 2199 746 2263 tamen
762 2188 919 2261 nimium
936 2210 1012 2261 non
1028 2186 1079 2261 sit
1094 2187 1290 2263 manifeste
1305 2188 1464 2277 doloris3

506 2307 698 2403 Pluraque
710 2304 904 2392 sollicitus,
918 2327 1033 2401 quam
1048 2303 1155 2391 sciat,
1169 2328 1253 2379 esse
1270 2314 1390 2404 putet.
1417 2308 1492 2377 600

457 2422 595 2497 Incitet
611 2432 651 2497 et
665 2420 744 2496 ficti
761 2421 877 2495 tristis
891 2420 1064 2495 custodia
1080 2423 1189 2508 servi,

507 2537 558 2613 Et
573 2536 729 2610 nimium
746 2537 830 2610 duri
847 2560 938 2611 eura
954 2535 1114 2611 molesta
1128 2536 1209 2610 viri.

457 2652 551 2739 Qus
563 2652 666 2726 venit
682 2676 730 2726 ex
747 2661 842 2739 tuto,
860 2651 985 2726 minus
1002 2662 1062 2726 est
1078 2661 1236 2751 accepta
1250 2652 1435 2751 voluptas.

509 2768 564 2843 Ut
579 2768 631 2843 sis
648 2768 798 2843 liberior
815 2764 973 2855 Thaide,
990 2766 1091 2864 finge
1107 2777 1245 2842 metus.

458 2884 557 2959 Cum
574 2883 706 2959 melius
724 2883 866 2958 foribus
883 2884 1019 2984 possis,
1037 2883 1193 2959 admitte
1209 2882 1393 2959 senuna:
1418 2886 1491 2958 605

506 3000 631 3098 Inque
647 3009 711 3073 tuo
728 3000 832 3073 vultu
850 3000 959 3097 signa
975 3000 1141 3075 timentis
1159 3001 1268 3075 habe.

458 3114 606 3190 Callida
621 3113 801 3212 prosiliat,
820 3115 998 3214 dicatque
1014 3116 1162 3203 ancilla,
1181 3114 1375 3190 Perlmus:

505 3230 563 3303 'lu
575 3232 753 3328 juvenem
769 3230 956 3328 trepidum
970 3232 1140 3329 quolibet
1156 3230 1253 3305 abde
1270 3230 1366 3305 loeo.

456 3344 711 3419 Admiscenda
726 3354 852 3419 tamen
869 3344 998 3421 Venus
1015 3358 1074 3423 est
1090 3372 1223 3423 secura
1237 3346 1381 3437 timori3

508 3458 568 3533 Ne
586 3460 680 3533 tanti
696 3470 826 3535 noetes
844 3485 919 3535 non
936 3473 1045 3561 putet
1062 3486 1145 3538 esse
1162 3474 1260 3539 tuas.
1418 3467 1492 3536 610

452 3574 544 3661 -Qua
562 3574 663 3649 vafer
678 3575 779 3651 eludi
796 3578 916 3675 possit
932 3580 1076 3655 ratione
1092 3580 1259 3666 maritus,

507 3690 671 3788 Quique
686 3691 775 3789 vigil
792 3702 933 3782 eustos,
950 3694 1205 3793 praeteriturus
1227 3718 1341 3770 eram.

488 3976 546 4025 604.
571 3975 603 4025 Ut
619 3980 648 4025 rit
665 3978 756 4027 tucior
775 3978 872 4038 staldo,
881 3981 951 4046 finge
998 3998 1053 4047 qun
1063 3980 1311 4039 nominenumine
1322 3982 1493 4032 tommodtt·

455 4048 547 4112 metm]
576 4050 630 4108 Pro,
654 4050 789 4115 Quanquam
809 4056 839 4102 ris
859 4056 952 4102 liberior
999 4055 1095 4106 Mrcrt.

457 4126 553 4181 liuida,
574 4122 662 4181 idest,
684 4125 790 4190 quolibet
809 4126 901 4192 vulgari
922 4142 950 4177 te
1031 4130 1089 4179 607.
1114 4129 1230 4193 Callida]
1257 4129 1366 4187 Mellm,
1387 4129 1492 4178 Pallida.

455 4197 551 4265 publice
559 4198 691 4263 prostituto,
699 4214 753 4263 qua
764 4199 827 4249 huno
834 4200 872 4249 vel
883 4200 951 4249 illum
999 4201 1088 4252 Bonis.

456 4274 551 4340 impune
562 4270 673 4329 admittit,
684 4280 764 4321 tumen
777 4273 839 4339 finge
851 4282 950 4332 metum,
1030 4276 1088 4325 600.
1103 4275 1149 4325 Sed
1162 4278 1276 4325 nium
1290 4273 1385 4337 mm]
1402 4275 1493 4324 Adnis-

456 4350 501 4397 dm.
533 4346 572 4395 Sic
588 4346 651 4395 enim
667 4344 706 4395 laio
719 4346 787 4397 loeus
799 4348 951 4414 exponendus
998 4352 1071 4398 arada
1084 4364 1139 4398 enm
1149 4350 1225 4415 prim
1233 4350 1291 4399 odit.
1300 4357 1325 4397 et
1337 4346 1431 4412 scriptis
1440 4348 1492 4413 ple-

456 4420 561 4470 vidotnr:
578 4435 626 4467 non
642 4427 670 4468 nt
685 4418 780 4469 Merula
794 4421 898 4487 exponit,
909 4421 950 4486 qui
998 4422 1262 4488 risqmrmieuan
1271 4436 1371 4473 unum
1381 4420 1493 4487 meispro

457 4494 489 4543 de
507 4492 760 4544 hildemannum
778 4494 867 4545 dicmm
886 4495 950 4545 otei-
999 4498 1084 4545 um
1099 4504 1226 4561 agnum
1239 4498 1362 4547 timentem
1373 4511 1416 4545 nu
1428 4495 1492 4545 timi-

457 4566 501 4633 pit‚
517 4566 679 4633 rusumque
697 4568 865 4627 exclusionem,
882 4572 951 4635 quui
999 4569 1495 4639 dmvmnsoeumppomeflum
