3609 5967
501 740 567 807 484
795 740 834 806 Ρ.
859 737 1021 805 OVIDII
1047 738 1261 807 NASONIS

506 914 590 991 Nec
604 926 730 989 tamen
746 914 939 1013 ingenium
953 913 1063 988 nobis
1079 915 1295 1012 respondet,
1309 924 1353 988 ut
1363 926 1469 989 aute:
1512 918 1562 987 15

557 1031 635 1106 Sed
654 1032 797 1105 siccum
816 1030 933 1105 sterili
951 1053 1102 1103 vomere
1118 1028 1209 1103 litus
1228 1054 1306 1105 aro.

508 1148 664 1223 Scilicet
681 1158 724 1223 ut
739 1150 852 1222 limus
869 1170 987 1221 venas
1005 1157 1176 1221 excecat
1192 1146 1231 1221 in
1247 1146 1373 1235 undis,

558 1264 742 1364 Laesaque
761 1266 832 1339 sub
851 1288 983 1363 presso
1001 1263 1105 1337 fonte
1121 1263 1266 1339 resistit
1282 1285 1405 1361 sque3

506 1380 671 1456 Pectora
685 1380 740 1455 sic
759 1404 844 1455 mea
861 1390 951 1454 sunt
967 1378 1057 1453 limo
1075 1378 1207 1453 vitiata
1223 1378 1421 1465 melorum,

558 1498 609 1573 Et
627 1522 778 1573 carmen
798 1522 894 1573 vena
910 1496 1134 1597 pauperiore
1150 1495 1247 1570 fluit.
1505 1500 1559 1567 20

509 1614 550 1688 Si
569 1615 656 1713 quis
674 1614 710 1690 in
730 1614 800 1689 hac
820 1614 946 1713 ipsum
964 1622 1065 1689 terra
1081 1614 1273 1711 posuisset
1290 1609 1509 1698 Homerum,

559 1730 684 1819 Esset,
704 1733 816 1807 crede
835 1731 940 1819 mihi,
959 1731 1083 1805 factus
1100 1740 1141 1806 et
1158 1729 1223 1804 ille
1238 1730 1371 1804 Getes.

465 1886 476 1899 -
508 1846 571 1923 Da
586 1846 734 1923 veniam
751 1848 871 1937 lass03
892 1848 1030 1922 studiis
1048 1870 1204 1945 quoque
1220 1843 1329 1920 frena
1346 1844 1493 1934 remisi;

558 1963 721 2039 Ducitur
737 1974 777 2039 et
794 1964 924 2063 digitis
942 1965 1053 2039 litero
1069 1987 1153 2038 rara
1169 1963 1277 2039 meis.

507 2076 682 2178 Impetus
700 2080 763 2155 ille
781 2104 901 2168 sacer,
921 2081 988 2180 qui
1004 2090 1133 2155 vatum
1152 2090 1309 2177 pectora
1324 2077 1453 2165 nutrit,
1505 2081 1557 2151 25

558 2193 634 2280 Qui
652 2196 756 2295 prius
774 2196 813 2271 iu
831 2198 941 2272 nobis
958 2222 1045 2273 esse
1061 2196 1221 2283 solebat,
1240 2197 1363 2271 abest.

508 2310 584 2385 Vix
601 2313 704 2387 venit
721 2314 769 2388 ed
788 2324 929 2412 partes,
947 2314 1012 2387 vix
1030 2324 1165 2387 sumtoe
1183 2312 1300 2388 Musa
1315 2313 1462 2386 tobcllae

559 2426 728 2528 Imponit
746 2430 871 2529 pigras
891 2454 999 2529 paene
1016 2441 1150 2505 coacta
1163 2454 1311 2504 monus.

509 2540 720 2642 Parvaque,
741 2569 787 2620 ue
806 2545 932 2621 dicam
950 2546 1140 2621 scribendi
1158 2547 1263 2620 nulla
1274 2544 1448 2645 voluptas

559 2657 631 2734 Est
646 2660 760 2752 mihi;
781 2685 852 2737 nec
870 2662 1035 2737 numeris
1053 2674 1207 2737 nectere
1224 2662 1343 2735 verba
1353 2662 1474 2759 jurat.
1505 2664 1556 2733 30

510 2772 599 2849 Sive
617 2778 723 2875 quod
739 2776 827 2853 hinc
845 2778 991 2853 fructus
1008 2778 1106 2853 odeo
1123 2802 1199 2851 non
1215 2778 1387 2876 cepimus
1404 2777 1514 2864 ullos,

560 2890 795 2994 Principium
813 2894 931 2969 nostri
949 2918 1009 2970 res
1026 2895 1078 2969 sit
1095 2906 1137 2969 ut
1154 2894 1228 2969 ista
1243 2894 1355 2968 mali:

510 3008 599 3083 Sive
617 3011 720 3108 quod
739 3011 777 3084 iu
795 3012 963 3087 tenebris
980 3036 1201 3088 numerosos
1217 3035 1359 3111 ponere
1375 3032 1540 3106 gressus,

558 3124 751 3226 Quodque
768 3128 873 3225 legas
890 3129 996 3217 nulli,
1009 3128 1173 3203 scribere
1188 3150 1355 3214 carmen,
1366 3126 1466 3199 idem
1483 3136 1553 3199 est.

544 3322 582 3370 16.
591 3320 682 3373 suess·
690 3322 769 3388 litos]
778 3322 906 3373 Meterius
913 3331 1010 3375 eteoru-
1060 3320 1181 3373 luterusrsi
1191 3320 1265 3371 etism
1275 3321 1381 3371 nudum
1390 3319 1521 3381 literarum.

509 3410 565 3460 pum
583 3394 634 3444 siue
652 3396 759 3446 humore.
792 3396 910 3463 Intelligit
929 3406 1010 3447 autem
1093 3397 1134 3445 27.
1148 3396 1192 3445 Vis
1204 3401 1267 3446 venit
1285 3399 1316 3445 od
1329 3395 1426 3459 parm]
1445 3394 1498 3443 Hoc
1513 3403 1560 3451 cst,

509 3486 551 3535 per
562 3468 741 3521 similitudinem
751 3470 869 3522 scribudi
885 3472 1010 3523 merim
1060 3469 1101 3519 vix
1116 3468 1148 3519 ud
1161 3470 1266 3519 officium
1279 3486 1349 3519 suum
1362 3468 1437 3519 redit:
1454 3466 1558 3517 officium

509 3552 617 3595 mutum
637 3560 664 3595 so
688 3545 825 3612 sumpsisse.
845 3547 909 3597 uude
929 3546 1011 3597 nullus
1060 3553 1142 3595 utem
1152 3546 1231 3595 Mun
1242 3552 1288 3602 est,
1298 3553 1376 3611 poete
1386 3542 1505 3594 iuvocsuti
1515 3541 1561 3592 ud·

509 3620 584 3685 possit
598 3622 689 3671 fructus
703 3628 728 3671 et
744 3620 816 3671 honor
834 3636 954 3681 emmiu,
967 3636 1009 3671 ne·
1060 3635 1120 3669 one.
1148 3617 1559 3685 Velvixveoitiupcrtemlslsoris.

509 3710 557 3759 quc
569 3694 644 3761 gloria
656 3695 739 3762 eliqua
748 3695 880 3761 provenire·
1060 3693 1237 3757 rugiemus

545 3768 583 3816 17.
596 3768 689 3819 Scilicet
703 3778 730 3818 ut
742 3769 831 3833 lirun]
847 3768 1008 3827 Quemadmo-
1093 3768 1133 3816 ³2.
1148 3768 1191 3815 Ru
1200 3767 1266 3831 εἰη]
1285 3765 1384 3816 Poetica
1393 3766 1503 3815 loculus.

510 3836 567 3887 duur
585 3840 657 3889 limus
677 3857 724 3891 nou
742 3841 860 3908 permittit
883 3858 960 3907 rquu
978 3858 1008 3893 ex
1093 3842 1135 3890 3³.
1148 3839 1556 3906 Nummpmgmwm

509 3912 576 3963 venis
589 3929 740 3980 procurrere:
758 3914 792 3963 sic
805 3916 869 3965 mols
878 3915 1010 3965 occludunt
1059 3932 1097 3963 sus
1112 3914 1221 3965 nonnulli
1237 3931 1267 3964 ex
1284 3914 1398 3979 antiquis.
1410 3913 1475 3979 quod
1487 3914 1557 3963 Bers-

508 3995 534 4037 ct
555 3997 701 4038 remorantur
727 3988 819 4056 copiam
843 3989 964 4047 carminis,
985 4000 1010 4039 et
1060 4004 1147 4038 monuo
1164 3988 1303 4038 cdridsbst:
1322 3988 1418 4037 fruma.
1441 3987 1558 4053 lutclligit

509 4076 595 4112 seuam
614 4062 713 4128 poetico
731 4061 870 4129 majestatis.
905 4065 1010 4115 &cecat
1059 4061 1269 4127 gesticulationem
1288 4078 1404 4112 mcum
1423 4078 1477 4127 qu
1496 4062 1557 4111 inter

510 4154 587 4187 omar.
604 4136 798 4186 Veussobturst.
1059 4136 1196 4185 nluudum
1207 4136 1291 4188 debat.
1308 4137 1386 4187 Versu
1393 4136 1557 4203 proximoque

543 4214 583 4263 21.
596 4211 626 4261 lo
640 4216 682 4261 doc
695 4211 778 4275 terro]
793 4210 824 4260 Iu
833 4210 962 4262 Tomitana
973 4210 1010 4261 ci·
1059 4220 1130 4284 laga,
1150 4219 1242 4285 ΜΒ,
1261 4223 1357 4287 12302423
1372 4228 1398 4271 οι
1415 4218 1448 4270 ‚ic
1465 4220 1556 4271 Ami,

511 4288 594 4346 vitute,
605 4288 667 4339 inter
676 4288 797 4339 burburus·
1059 4292 1102 4341 sed
1115 4293 1184 4343 nulls
1194 4295 1403 4360 opusmuutioor
1409 4312 1417 4356 ;
1434 4296 1506 4361 legen
1514 4311 1558 4361 pro

544 4365 584 4413 22.
603 4363 667 4413 Esset
680 4364 763 4429 sactus
781 4362 869 4427 Getes-J
889 4361 1012 4411 Redditus
1059 4365 1162 4417 recitare
1188 4367 1259 4418 dixit.
1291 4355 1382 4418 flurs.
1425 4368 1557 4418 Nm

512 4436 594 4487 luisset
609 4439 715 4505 poetices
729 4436 796 4505 quui
811 4454 904 4504 expers,
915 4446 942 4487 ut
955 4447 1012 4488 suot
1058 4456 1157 4505 graus
1173 4430 1251 4494 Pe'dcs
1261 4442 1311 4492 suis
1321 4443 1425 4492 uumefis
1436 4452 1462 4492 et
1473 4443 1558 4508 gresi-

512 4512 591 4569 Gew,
601 4528 701 4578 quorum
713 4522 787 4563 term
797 4528 842 4577 ego
852 4512 940 4562 incolo.
1058 4514 1105 4563 bus
1114 4517 1231 4567 utrictos.
1259 4518 1354 4567 Ponere.
1370 4516 1499 4567 Scribeudo
1508 4517 1557 4567 col·

544 4587 584 4635 2³.
606 4587 695 4637 Studiis
715 4604 801 4652 quoquae
815 4586 891 4651 srm
911 4587 1009 4649 misi]
1058 4588 1146 4638 locare.
1187 4589 1294 4641 Presser'c
1314 4592 1468 4641 Burmannus
1483 4593 1555 4657 conji-
