3609 5967
460 785 530 851 EX
554 785 716 852 Ponto
740 782 832 848 LiB.
857 782 907 848 11.
932 784 1077 852 EPIST.
1102 787 1145 851 V.
1261 788 1328 854 419

278 957 460 1034 Rusticus
478 958 696 1057 agricolam,
716 957 824 1038 miles
841 956 1039 1033 terebella
1056 971 1264 1056 gerentem,

327 1073 532 1151 Rectorem
549 1075 675 1149 dubiae
694 1075 819 1150 navita
836 1076 977 1174 puppis
991 1087 1106 1151 emat.

275 1187 334 1264 Tu
352 1215 506 1291 quoque
524 1191 718 1266 Pieridum
736 1191 875 1279 studio,
895 1192 1077 1281 studiose,
1097 1195 1249 1282 teneris,

326 1305 562 1407 Ingenioque
579 1308 695 1396 faves,
715 1308 922 1406 ingeniose,
942 1333 1040 1384 mee.

277 1421 405 1498 Distat
421 1450 518 1524 opus
536 1435 726 1515 nostrum3
748 1426 816 1501 sed
833 1425 1002 1500 fontibus
1019 1427 1101 1502 exit
1118 1426 1166 1502 ab
1180 1427 1323 1502 isdem:

324 1538 429 1614 Artis
447 1551 488 1616 et
503 1541 677 1639 ingenuoe
691 1543 814 1617 cultor
831 1552 992 1641 uterque
1011 1567 1154 1617 sumus.
1276 1547 1325 1616 66

276 1653 448 1754 Thyrsus
466 1657 567 1733 euim
583 1658 704 1746 vobin,
724 1669 872 1757 gestata
889 1669 950 1735 est
967 1660 1097 1735 laureo
1117 1660 1247 1749 nobis3

327 1770 405 1847 Sed
422 1783 550 1849 tamen
568 1775 752 1850 ambobus
769 1777 885 1852 debet
902 1776 1028 1852 inesse
1046 1777 1161 1851 calor.

277 1885 408 1986 thue
425 1890 520 1965 meis
539 1891 703 1965 numeris
721 1901 788 1966 tua
804 1891 870 1966 dat
885 1891 1064 1968 facundia
1081 1915 1227 1977 nervos,

328 2003 394 2078 Sic
406 2005 509 2081 venit
526 2029 549 2080 a
565 2005 674 2080 uobis
692 2005 731 2079 in
748 2016 816 2080 tua
830 2007 947 2082 verba
963 2008 1075 2082 nitor.
1277 2012 1325 2079 70

276 2117 300 2192 J
302 2143 368 2194 ure
384 2119 497 2218 igitur
514 2123 640 2196 studio
658 2123 821 2197 confinis
836 2123 1006 2198 carmina
1021 2134 1158 2213 vestro,

327 2234 378 2310 Et
395 2239 605 2313 commilitii
624 2263 731 2314 sacre
748 2239 891 2313 tuenda
908 2250 1034 2338 putas.
1264 2331 1269 2340 Ι

277 2351 353 2426 Pro
370 2355 510 2451 quibus
525 2365 568 2428 ut
585 2365 748 2442 meneet,
768 2355 817 2429 de
835 2379 913 2453 quo
931 2354 1110 2440 censeris,
1129 2355 1286 2439 amicus

327 2467 560 2568 Compreeor
577 2471 625 2545 ad
642 2470 728 2543 vitae
746 2479 918 2569 tempora
934 2494 1084 2543 summa
1100 2479 1196 2557 tuae3

278 2582 545 2685 succedatque
562 2587 637 2661 tuis
655 2586 758 2661 orbis
776 2588 991 2663 moderator
1008 2585 1188 2662 habenis:
1278 2591 1325 2662 75

327 2698 438 2784 Quod
457 2726 606 2777 mecum
623 2704 754 2803 populi
767 2715 856 2779 vota
872 2713 1075 2804 precantur
1092 2704 1206 2779 idem.

275 2929 349 2995 plius.
381 2932 535 2997 Ingeniorum
559 2933 623 2984 eninr
645 2935 776 2988 similitudo
826 2936 871 2987 tori
888 2945 967 3002 poete,
979 2934 1083 2986 numeris
1100 2934 1233 2984 adstrictior
1248 2936 1327 3001 paulo,

275 3002 394 3054 amicitia
402 3006 560 3072 conglutinet.
825 3010 950 3059 verborum
961 3003 1041 3058 sutem
1048 3007 1148 3057 licentis
1154 3007 1258 3065 liberior,
1266 3010 1326 3058 mul·

308 3078 349 3126 60.
360 3078 441 3128 Servat
444 3081 539 3144 soedsrs
547 3086 584 3130 sui
594 3083 687 3147 studii]
697 3083 728 3132 Et
738 3099 776 3133 rs-
825 3082 856 3133 tis
869 3099 926 3133 vero
940 3081 1041 3133 ornsndi
1058 3080 1186 3147 generibus
1198 3082 1286 3138 secius,
1297 3096 1326 3130 se

275 3150 336 3202 tinet
350 3154 541 3219 conjunctionem
556 3155 623 3206 ilium
633 3173 687 3223 qun
700 3157 776 3208 estin
825 3175 886 3226 pene
896 3159 966 3226 psr,''
976 3159 1022 3207 tte.

274 3226 333 3292 ipsis
343 3228 429 3277 studiis
436 3237 463 3278 ot
472 3227 612 3296 disciplinis.
859 3234 899 3283 71.
917 3230 1040 3282 Fabricius
1054 3239 1129 3280 toturn
1145 3229 1226 3278 iocum
1243 3228 1277 3277 ite
1291 3228 1328 3278 in·

307 3302 348 3351 6⁶.
361 3302 440 3351 Dr'stst
456 3319 511 3365 opus
528 3303 651 3367 nostrum]
667 3303 731 3362 Quis
748 3313 775 3355 tu
825 3315 975 3372 terpretatur.
1008 3306 1067 3355 Jurs
1084 3313 1155 3370 putes
1172 3301 1261 3351 tuende
1275 3318 1326 3352 car·

276 3389 348 3424 vam
367 3374 518 3441 eloquentie,
535 3392 581 3441 ero
599 3393 656 3426 vero
675 3377 774 3442 poetice
825 3383 890 3431 mina
912 3381 992 3431 studio
1010 3388 1097 3435 vano,
1117 3377 1142 3428 id
1163 3386 1199 3427 est
1218 3378 1327 3436 oratorio,

276 3448 395 3499 fsenltsti.
424 3452 458 3499 At
473 3451 543 3499 isdem
550 3451 667 3514 scrutur.
684 3451 775 3501 Attis·
826 3455 937 3512 confinis,
953 3463 978 3505 et
996 3452 1130 3503 commilitii
1147 3466 1224 3508 sacre,
1241 3452 1327 3517 quibus

275 3522 330 3572 detn
341 3523 427 3573 Musis.
826 3529 895 3595 qussi
913 3527 1086 3578 commilitones
1105 3525 1181 3576 dediti
1198 3527 1270 3574 stubo
1286 3542 1326 3575 su·
1415 3549 1422 3558 =

308 3597 349 3646 ⁶7·
368 3597 469 3661 styrmi
484 3601 546 3646 min
563 3599 731 3664 ”diogenus
744 3608 776 3647 est
826 3602 985 3662 rous,tusnds
995 3612 1075 3668 putas·
1092 3600 1234 3666 Proquibtts
1243 3599 1329 3649 studiis

277 3672 359 3722 lssrss
374 3671 457 3736 sotis]
478 3670 543 3720 uiti
560 3680 637 3721 toturn
657 3671 776 3722 distichon
825 3677 938 3728 videlicet
955 3685 980 3728 st
994 3676 1067 3726 sscris
1082 3674 1171 3725 mutuis
1183 3689 1328 3741 comprecor,

276 3745 474 3796 toeduoiofidsi
483 3754 674 3813 sstsnspectunr.
687 3748 777 3797 nnus.
827 3761 854 3802 ut
871 3751 904 3802 nd
923 3762 1031 3802 emerus
1050 3766 1126 3814 uque
1146 3749 1200 3798 sits
1221 3758 1327 3814 tempore

279 3820 378 3884 Ttynm
388 3824 448 3869 suist
458 3823 526 3870 sotis
543 3821 712 3885 Perttyrssrs.
724 3835 775 3870 ors·
826 3835 923 3878 monost
937 3825 981 3874 tibi
1004 3823 1096 3874 amicus
1113 3823 1278 3877 Germsnicus.
1296 3820 1328 3872 ds

276 3895 362 3944 torisnr
375 3892 515 3945 henltstsrn
525 3894 651 3960 intelligit:
669 3910 712 3960 per
723 3896 775 3943 tsn-
827 3914 875 3964 quo
893 3898 1004 3955 certaris,
1026 3897 1051 3946 h.
1062 3911 1084 3945 s.
1104 3896 1135 3946 de
1155 3896 1224 3962 cujus
1245 3895 1326 3946 farore

272 3987 348 4026 mss,
368 3969 494 4034 poeticum
533 3968 610 4029 Quasi
630 3967 711 4018 diest:
735 3984 777 4018 ros
826 3971 916 4039 pendet
928 3980 971 4021 tus
984 3970 1097 4035 dignius,
1108 3970 1147 4019 rei
1160 3970 1229 4034 eujus
1241 3984 1328 4018 census

277 4043 369 4094 Bscchi
383 4043 487 4093 stimulis
503 4042 634 4108 adtumni,
646 4057 690 4092 nos
701 4042 776 4108 npot·
826 4045 864 4095 rel
875 4046 972 4096 seruilio
983 4044 1161 4111 qussipsrses.
1188 4044 1303 4092 Hirrus.

276 4119 332 4168 linis
342 4136 348 4166 z
360 4117 448 4184 quibus
458 4117 655 4182 matrisque
667 4131 725 4165 snus
734 4131 775 4165 cs·
859 4122 899 4171 ⁷5.
912 4119 988 4183 Tuis]
1007 4120 1100 4183 Magus
1109 4135 1139 4168 er
1150 4126 1218 4184 perte
1227 4126 1327 4171 veteres.

276 4194 312 4243 ior
322 4202 367 4250 ost,
377 4208 482 4259 suusque
492 4192 602 4259 impetus.
629 4191 726 4240 nuere
826 4202 851 4243 et
866 4195 928 4244 bene
942 4192 1062 4258 rescripsit
1072 4192 1157 4242 Heius.
1167 4192 1325 4244 tutissimis,
1340 4255 1347 4266 ,

309 4268 350 4316 70.
367 4267 405 4317 Sic
420 4270 482 4316 seuit
500 4285 515 4315 a
532 4268 694 4316 norisium
708 4264 774 4313 verbs
825 4267 850 4317 ir.
864 4285 887 4318 e.
910 4267 1014 4317 consiliis
1033 4276 1066 4335 et·
1078 4264 1196 4330 regimini,
1212 4265 1326 4318 succedat,

276 4340 360 4405 siton]
383 4341 422 4390 Ab
438 4350 489 4390 srte
502 4340 611 4407 poetice:
629 4356 646 4390 s
662 4355 711 4406 qus
727 4353 774 4388 non
824 4341 848 4392 h.
865 4359 887 4393 o.
905 4357 1015 4409 prospere
1035 4349 1138 4404 regetur,
1157 4340 1284 4386 moderator
1302 4351 1326 4384 n.

277 4414 369 4466 siisnns
387 4425 423 4464 est
440 4423 525 4464 orstor.
558 4414 597 4465 Its
614 4413 679 4464 enirn
693 4412 747 4464 Cic.
757 4413 775 4461 i.
824 4412 1168 4472 futurush.e.Germsnicuu
1197 4411 1310 4460 tirsus.

276 4488 308 4538 de
316 4490 430 4539 Ontore:
447 4496 465 4518 ⁸⁸
476 4489 519 4539 list
527 4488 589 4539 enim
600 4488 714 4539 finitimus
723 4502 775 4537 ors·
