3609 5967
403 788 473 855 EX
497 788 659 855 ΡΟΝΤΟ
684 787 773 854 LIB.
799 787 862 856 IV.
887 790 1035 857 EPls'r.
1059 790 1163 856 VIII.
1242 789 1308 855 ool

254 958 278 1033 J
282 987 325 1036 us
344 962 496 1062 aliquod
513 962 657 1038 faciunt
674 963 813 1037 adfinia
828 963 981 1039 vincula
997 966 1119 1053 nobis,
1414 1057 1418 1074 .

305 1076 400 1163 Quae
418 1103 568 1178 semper
585 1088 763 1155 maneant
779 1078 1007 1168 illabefacta,
1025 1103 1170 1181 precor.
1259 1084 1305 1152 10

256 1193 292 1266 N
295 1218 356 1279 arn
373 1194 441 1269 tibi
460 1219 545 1293 quae
563 1198 716 1294 conjux,
736 1198 870 1272 eadem
888 1197 982 1270 mihi
998 1196 1076 1269 filia
1092 1220 1201 1298 paene
1219 1204 1300 1269 est:

306 1308 358 1383 Et
375 1334 460 1409 quae
477 1321 518 1387 te
534 1336 727 1408 generum,
746 1338 808 1389 me
825 1324 937 1389 vocat
953 1313 1019 1387 illa
1034 1314 1168 1386 virum.

256 1422 343 1501 Heu
359 1426 471 1502 mihil
500 1429 532 1503 si
549 1429 658 1503 lectis
675 1431 820 1505 vultum
838 1440 880 1505 tu
898 1430 1069 1506 versibus
1086 1428 1169 1501 istis
1197 1460 1207 1482 .

306 1544 438 1631 DuciS,
458 1555 498 1619 et
514 1545 677 1621 adfinem
696 1556 734 1621 te
750 1546 870 1646 pudet
886 1570 972 1621 esse
989 1544 1137 1619 meum!

254 1656 306 1732 At
323 1658 415 1733 nihil
434 1659 494 1735 hic
510 1660 666 1757 dignum
680 1660 821 1760 poteris
840 1661 1003 1761 reperire
1017 1661 1174 1759 pudore,
1257 1660 1300 1729 15

202 1820 205 1829 ι
304 1773 450 1850 Praeter
465 1775 665 1863 fortunam,
685 1800 771 1874 quae
789 1776 881 1851 mihi
898 1800 1002 1851 caeca
1016 1775 1100 1850 fuit.

255 1891 332 1965 Seu
351 1914 471 1989 genus
485 1891 678 1980 excutias;
710 1892 872 1989 equites,
891 1892 940 1965 ab
957 1890 1101 1987 origine
1117 1888 1251 1989 prima,

305 2004 441 2104 Usque
459 2030 527 2105 per
542 2005 758 2081 innumeros
776 2007 1008 2082 inveniemur
1023 2030 1113 2081 avos
1128 2031 1137 2080 ε

197 2160 198 2163 “
256 2121 343 2196 Sive
360 2121 466 2208 velis,
485 2121 551 2218 qui
570 2121 658 2209 sint,
677 2144 800 2197 mores
818 2122 1008 2220 inquirere
1029 2131 1199 2209 nostros3

304 2236 479 2311 Errorem
497 2236 634 2311 misero
652 2237 822 2324 detrahe,
842 2239 929 2313 labe
946 2250 1088 2314 carent.
1253 2240 1303 2307 20

254 2351 312 2426 Tu
330 2352 503 2440 modo,
475 2376 506 2426 sr
525 2352 620 2450 quid
636 2377 696 2451 agr
687 2334 886 2453 sperabis
903 2379 1017 2453 posse
1035 2334 1237 2454 precando,

305 2467 411 2553 Quos
429 2468 536 2553 colia,
552 2491 669 2542 exora
683 2468 855 2567 supplice
872 2494 965 2545 voce
984 2470 1101 2545 Deos.

257 2586 306 2657 Dl
324 2585 393 2659 tibi
411 2596 501 2658 sunt
520 2584 650 2659 Caesar
661 2586 834 2683 juvenis3
862 2597 929 2660 tua
946 2586 1102 2661 numina
1117 2585 1250 2683 placa:

307 2698 391 2775 Hac
409 2710 512 2776 certe
530 2702 634 2776 nulla
650 2712 709 2776 est
726 2703 850 2777 notior
866 2728 931 2779 ara
946 2703 1029 2778 tibi.

256 2817 344 2891 Non
362 2817 452 2916 sinit
468 2816 534 2891 illa
550 2819 608 2892 sui
627 2843 741 2894 vanas
760 2821 939 2896 antistitis
953 2844 1122 2920 unquam
1253 2820 1302 2891 25

230 3012 235 3019 ,
305 2932 402 3007 Esse
419 2956 574 3032 preces:
603 2936 741 3009 nostris
759 2936 847 3011 hinc
851 2948 963 3069 ..pete
971 2939 1084 3012 rebus
1102 2958 1228 3034 opem.

255 3048 477 3133 Quamlibet
492 3049 629 3145 exigua
648 3050 679 3123 si
697 3076 768 3125 nos
785 3076 832 3127 ea
844 3053 986 3151 juverit
1001 3076 1105 3138 aura,

307 3164 456 3238 Obruta
473 3165 521 3239 de
539 3165 674 3241 mediis
692 3168 831 3266 cymba
848 3179 1020 3265 resurget
1035 3166 1158 3266 aquis.
1236 3226 1243 3240 .

255 3281 363 3354 'Iunc
381 3304 453 3377 ego
471 3291 555 3357 tura
572 3281 688 3356 feram
706 3283 847 3382 rapidis
865 3284 1049 3359 solemnia
1065 3283 1248 3370 flammis;

306 3396 369 3482 Et,¹
388 3396 539 3471 valeant
554 3407 740 3495 quantum
757 3400 922 3485 numina,
941 3399 1051 3473 testis
1072 3421 1150 3472 ero.
1253 3399 1303 3469 30

256 3512 291 3585 N
296 3536 339 3587 ec
355 3511 424 3585 tibi
442 3513 490 3587 de
509 3513 622 3587 Pario
639 3523 815 3601 statuam,
834 3514 1073 3600 Germanice,
1093 3513 1277 3611 templum

307 3628 518 3704 Marmore:
547 3629 690 3727 carpsit
706 3655 799 3730 opes
817 3629 881 3703 illa
897 3631 1006 3705 ruina
1021 3653 1137 3707 meas.

292 3814 329 3861 ll.
352 3812 438 3861 Eodem
458 3813 515 3861 milri
532 3813 589 3876 filio
612 3829 676 3895 pras
698 3812 751 3877 ern]
803 3814 888 3879 Usque
909 3830 951 3880 per
971 3829 1069 3863 avorum
1096 3810 1303 3863 innumerabilium

257 3886 347 3936 Eadem
365 3902 423 3934 uror
437 3895 479 3934 tua
491 3894 531 3935 est
541 3884 599 3934 mihi
609 3900 677 3949 quam
670 3885 751 3934 lilia:
804 3887 898 3937 seriem.

255 3960 365 4011 essenon
381 3960 496 4027 privigna,
508 3960 553 4009 linc
564 3968 609 4016 est,
617 3960 667 4009 illa
677 3944 761 4009 uxoris
838 3965 878 4011 21.
895 3962 959 4017 Quid
970 3966 1010 4027 ogi
1025 3962 1106 4025 poam]
1123 3959 1225 4024 Aliquid
1235 3944 1304 4025 poure

258 4050 326 4083 meae.
805 4034 915 4085 obtineri.
942 4036 1070 4086 Prooondo.
1085 4034 1184 4085 Orando
1197 4034 1305 4083 Caesares

291 4119 330 4166 14.
340 4116 534 4179 nostratium]
554 4116 651 4165 Faciem
661 4124 755 4166 contra-
806 4126 848 4175 pro
857 4126 905 4159 me·

259 4191 303 4249 hir,
315 4188 522 4255 tanquamiratus.
799 4198 803 4209 ’
839 4185 881 4231 2³.
894 4183 1038 4232 Diolirrmt
1047 4181 1243 4245 Caerorjooeoir.]
1257 4182 1304 4237 Hic

293 4266 330 4313 16.
347 4266 401 4319 ern
412 4266 468 4313 inibi
478 4263 617 4329 accusata]
636 4264 696 4322 Quae
709 4279 756 4313 non
806 4268 876 4323 pocla
887 4257 1006 4325 exprimit,
1017 4256 1115 4323 quinam
1125 4256 1174 4305 sint
1183 4255 1234 4312 Dii,
1245 4272 1305 4320 quor

259 4342 319 4389 bene
331 4338 389 4387 vidit
390 4339 507 4403 ‚justene
522 4354 552 4387 an
566 4338 648 4403 inique
661 4353 698 4387 rna
713 4337 754 4386 ad·
807 4348 822 4381 a
842 4332 928 4381 Suillio
942 4331 1037 4381 dixerat
1055 4329 1186 4379 exorandos
1202 4345 1262 4385 esse.
1280 4337 1305 4378 ct

258 4412 501 4461 liceretlnntaruina.
806 4405 976 4455 Germanicum
989 4404 1066 4455 solum
1078 4400 1165 4451 innuit.
1199 4403 1305 4451 Turnu-

295 4488 331 4535 17.
343 4488 387 4536 Seu
389 4504 470 4559 genos
484 4488 604 4550 escarius]
618 4486 664 4535 Seu
681 4500 753 4549 gene·
806 4485 868 4529 mino
884 4483 963 4543 placo.
988 4480 1112 4528 Venerarc
1125 4476 1305 4535 Germanicum,

258 4560 290 4609 ris
301 4560 348 4611 roei
357 4560 472 4624 originem
482 4561 626 4609 consideres.
806 4569 853 4618 quo
864 4563 891 4603 ut
902 4553 998 4603 numine
1008 4550 1089 4601 uteris.

294 4636 332 4683 lll.
362 4634 436 4698 Usque
456 4651 498 4695 prr
525 4636 654 4683 innumeros
681 4632 753 4695 ouon]
838 4630 878 4679 25.
895 4625 1082 4750 Ill(lo.]³Scilicrt
1099 4642 1141 4675 ara
1158 4625 1304 4677 Germanici.

938 4719 954 4751 ι
1047 4746 1050 4754 ,
