3609 5967
514 780 581 845 tu
810 773 850 840 Ρ.
874 772 1037 839 OVIDH
1062 772 1276 841 NASONIS

515 953 658 1038 Quare·
674 961 716 1025 tu
730 958 881 1049 priests,
902 972 951 1021 ne
967 948 1061 1022 livor
1078 947 1206 1023 dicere
1224 950 1363 1047 possit:
1519 956 1571 1025 65

538 1070 544 1077 “
566 1066 659 1141 Haec
677 1077 738 1142 est
756 1090 823 1166 pro
840 1065 967 1139 miseri
985 1065 1090 1139 lenta
1107 1066 1230 1139 salute
1247 1064 1328 1139 viri.

516 1183 721 1281 Quumque
735 1206 807 1279 ego
817 1182 1086 1273 deficiam‚,nec
1097 1180 1241 1280 possim
1251 1181 1392 1257 ducere
1402 1201 1568 1269 currum,

565 1297 641 1374 Fac
659 1309 701 1372 tu
718 1296 908 1373 sustineas
925 1298 1051 1373 debile
1070 1298 1151 1372 sola
1164 1300 1311 1396 jugum.

513 1412 574 1488 Ad
592 1414 781 1488 modicum
801 1423 946 1511 spooto,
965 1413 1071 1487 venis
1089 1412 1321 1510 fugientibus
1340 1438 1461 1511 aeger:

566 1529 710 1604 Ultima
726 1552 814 1626 poss
827 1528 961 1603 animai
980 1529 1070 1602 dum
1090 1529 1180 1602 mibi
1195 1540 1325 1616 restat,
1345 1531 1449 1603 ades,
1515 1536 1566 1603 70
1656 1620 1659 1629 Ι

513 1630 704 1745 Quodque
716 1668 789 1742 ego
804 1657 1034 1744 proestarem,
1047 1645 1079 1719 si
1095 1658 1134 1719 te
1152 1647 1271 1742 magis
1291 1647 1374 1745 ipse
1387 1648 1565 1731 valerem,

564 1760 610 1835 ld
628 1761 732 1847 mihi,
752 1784 872 1859 quum
889 1761 1015 1837 voleus
1033 1760 1177 1848 fortius,
1197 1762 1279 1860 ipsa
1296 1762 1404 1837 refer.

515 1875 647 1977 Exigit
663 1876 735 1951 boo
753 1878 904 1952 socialis
922 1902 1039 1966 amor,
1059 1878 1260 1977 foedusque
1279 1880 1476 1968 maritum;

565 1992 739 2066 Moribus
756 1994 841 2081 boo,
861 1996 1014 2091 conjux,
1034 1993 1156 2091 exigis
1174 1994 1258 2092 ipsa
1274 1995 1364 2069 tuis.

515 2108 600 2185 Hoc
618 2109 747 2183 domui
764 2109 896 2196 debes,
916 2110 964 2183 de
983 2134 1060 2207 qua
1076 2109 1255 2197 censeris,
1275 2121 1318 2183 ut
1335 2111 1439 2184 iliam
1515 2118 1563 2185 75

566 2224 654 2298 Nou
672 2224 793 2322 magis
807 2226 952 2315 officiis
972 2250 1087 2324 quam
1106 2228 1305 2326 probitate,
1325 2230 1440 2303 colas.

516 2339 667 2414 Cuncta
683 2340 774 2414 lieet
790 2340 920 2429 facias,
940 2342 1012 2415 nisi
1031 2341 1083 2417 sis
1101 2343 1300 2417 laudabilis
1319 2367 1425 2430 uxor,

568 2453 604 2527 N
607 2478 657 2528 on
674 2458 813 2553 poterit
825 2455 928 2531 credi
947 2455 1094 2531 Marcia
1110 2458 1217 2531 culta
1232 2458 1314 2532 tibi.

517 2568 600 2645 Nec
619 2594 751 2645 sumus
769 2572 935 2669 iudigni3
965 2598 1048 2661 nec,
1068 2576 1099 2648 si
1117 2576 1173 2648 vis
1189 2600 1278 2649 vera
1295 2576 1415 2662 fateri,

568 2684 741 2761 Debetur
758 2689 901 2763 meritis
916 2692 1036 2787 gratia
1053 2691 1157 2765 nulla
1172 2692 1280 2766 meis.
1517 2700 1566 2767 80

497 2796 707 2876 'Redditur
723 2804 789 2879 illa
804 2804 961 2902 quidem
980 2807 1112 2903 grandi
1131 2831 1219 2881 cum
1236 2806 1379 2883 foenore
1398 2811 1516 2895 nobie,

567 2916 650 2993 Nee
668 2930 719 3006 te,
738 2921 771 2993 si
788 2921 918 3019 cupiat
935 2922 1085 3011 laedere,
1105 2924 1196 2998 livor
1213 2924 1341 2999 habet.
1417 2991 1423 2997 .

518 3032 597 3109 Sed
615 3045 743 3129 tamen
761 3036 833 3111 hoc
852 3036 962 3111 factis
980 3040 1145 3137 adjunge
1163 3041 1349 3139 prioribus
1367 3066 1496 3129 unum,

569 3153 645 3230 Pro
662 3156 802 3230 nostris
819 3166 864 3231 ut
882 3156 934 3231 sis
954 3159 1155 3232 ambitiosa
1172 3159 1294 3233 malis.

548 3340 589 3389 67.
615 3340 736 3405 Quum
762 3358 803 3407 ego
829 3342 955 3407 deficiam]
986 3345 1017 3393 Et
1100 3342 1139 3393 76.
1159 3344 1211 3392 Non
1240 3347 1315 3393 mium
1339 3344 1442 3409 officiis]
1471 3346 1516 3393 Pro
1537 3362 1566 3395 eo

516 3428 591 3477 quum
606 3413 665 3462 mihi
678 3415 741 3464 viros
754 3414 842 3465 desint.
875 3417 925 3465 Nec
937 3421 1016 3479 possim
1067 3418 1132 3483 quod
1150 3426 1203 3467 est:
1227 3434 1273 3467 uon
1290 3418 1367 3467 solum
1384 3418 1466 3484 proba.
1481 3418 1522 3467 sed
1541 3429 1566 3467 et
1662 3440 1665 3445 ·

515 3489 598 3535 duem
623 3505 727 3537 currum.
767 3491 891 3555 Tanquam
919 3491 1017 3557 auriga:
1067 3492 1440 3557 officiosoergameessodebes.
1473 3493 1567 3541 Mrcrr..

516 3559 562 3609 boe
575 3572 620 3620 est,
631 3578 676 3611 neo
692 3564 780 3629 possim
796 3566 868 3614 rebus
882 3565 943 3615 meis
957 3582 1017 3631 prro·
1100 3568 1140 3616 77.
1152 3568 1253 3625 Mareia,
1264 3567 1288 3616 h.
1303 3583 1325 3615 e.
1337 3566 1443 3617 Maximi
1461 3583 1525 3625 uxor,
1540 3584 1564 3615 v.

514 3636 755 3702 esse‚quinburbe
764 3640 857 3689 absum
1069 3640 1165 3705 Micyll.
1181 3642 1295 3691 Hirrus.

548 3712 590 3760 68.
607 3713 688 3763 Daettte
695 3715 806 3779 jugum]
826 3714 877 3765 Res
892 3730 959 3765 meas
975 3715 1017 3765 de·
1100 3716 1142 3765 78.
1162 3716 1215 3765 Non
1225 3718 1308 3778 poterit
1321 3716 1385 3764 credi
1397 3715 1488 3765 Mareia
1503 3718 1566 3765 culte

515 3784 577 3833 biles
587 3794 613 3833 et
623 3781 745 3835 adflicta?
1068 3788 1130 3851 titt]
1150 3788 1245 3837 biarcio
1255 3788 1305 3837 filis
1316 3788 1361 3837 suit
1372 3786 1484 3853 Philippi,
1495 3806 1565 3853 quaro

548 3859 589 3907 69.
602 3861 758 3909 Admsdr'cusr
767 3861 861 3924 specto]
880 3861 922 3910 Ad
929 3870 953 3911 te
961 3878 1017 3911 ooo·
1068 3860 1252 3927 Cutoposterior
1265 3878 1361 3911 uxorem
1377 3862 1446 3911 duxit
1460 3873 1513 3927 post
1529 3864 1565 3911 di-

460 3960 463 3964 ,
516 3928 589 3994 fugio,
607 3939 722 3995 tunquam
738 3932 822 3997 ogroti
840 3933 871 3983 ud
889 3934 1017 3984 medicum.
1067 3934 1169 3984 tortium
1177 3935 1277 3985 Attiliae.
1310 3938 1371 3985 Eam
1386 3936 1564 3995 deiudeilieQ.

519 4004 747 4069 Vaenbfisgisotidm.
780 4006 917 4057 Deficiente
934 4007 1017 4072 spiritu
1068 4009 1194 4059 Hortensio
1213 4010 1345 4061 concessit:
1373 4009 1403 4059 de
1425 4026 1474 4074 quu
1494 4010 1567 4059 multa

515 4085 540 4127 et
557 4076 681 4143 sanguiue.
713 4080 769 4137 Qus
785 4078 942 4129 similitudine
959 4080 1019 4131 dicit
1069 4082 1188 4133 Lucano
1209 4084 1279 4133 Hauc
1290 4083 1363 4148 igitur
1374 4092 1401 4132 ut
1411 4083 1565 4133 casdssimam

515 4148 665 4214 parumrito
675 4149 721 4199 sibi
731 4167 862 4217 superesse.
896 4155 968 4203 Mus.
1068 4170 1200 4207 matronam
1208 4157 1281 4207 uoluit
1292 4174 1350 4207 uxor
1361 4156 1452 4209 Ovidii.
1482 4160 1554 4206 Mus.

548 4224 588 4273 75.
601 4223 826 4291 aamercort]
843 4227 950 4276 Familia
960 4236 1017 4287 tue,
1102 4232 1144 4280 ut.
1159 4232 1190 4281 Ut
1201 4232 1377 4295 susubium]
1398 4232 1431 4281 Ut
1444 4232 1476 4281 sis
1486 4240 1565 4296 capta-

515 4300 1019 4363 quoergesuosoffieiossesufidemdebes
1069 4304 1114 4355 trir
1137 4304 1223 4356 favoris
1246 4315 1271 4356 et
1292 4306 1467 4355 misericordius.
1493 4307 1564 4355 Mau.

514 4370 615 4421 imitari.
646 4372 854 4437 Dequeemris.
887 4373 927 4422 Ad
946 4392 1020 4440 quaro
1069 4378 1117 4427 Vel
1134 4380 1198 4428 utin
1211 4380 1341 4429 obtinenda
1353 4380 1411 4428 mibi
1425 4380 1502 4429 exsilii
1514 4396 1563 4427 rou-

516 4444 627 4507 pertines,
638 4444 669 4494 de
683 4462 732 4512 qus
746 4449 876 4498 numeraris
892 4448 918 4498 in
934 4464 1016 4501 ceusu.
1066 4452 1155 4502 tatione
1166 4455 1276 4503 omuibus
1289 4455 1386 4504 laudem
1401 4454 1530 4520 proripiu,
1541 4462 1564 4503 et

516 4517 675 4586 Uooquaque
700 4522 765 4571 enim
784 4523 884 4581 familie,
905 4532 930 4573 et
952 4532 1016 4575 totus
1066 4526 1160 4577 videare
1175 4528 1227 4593 ejus
1245 4528 1278 4579 rei
1300 4528 1421 4579 adiectus
1442 4528 1559 4594 principa·

515 4594 617 4656 populos
627 4596 774 4647 sumebatur.
808 4598 879 4647 Mur.
1066 4608 1125 4649 tum.
1153 4602 1232 4651 Pour.
