3609 5967
466 687 532 756 27⁴
764 684 802 750 P.
819 681 982 751 OVIDII
1006 679 1220 748 NASONIS

783 967 1113 1060 EPISTOLA
1148 969 1197 1043 V.
1246 963 1250 968 ’

882 1183 1099 1249 1111111111.
1220 1275 1225 1288 ⁸

468 1332 566 1418 liii-i
584 1344 670 1414 tuos
685 1330 879 1429 quondum
896 1352 973 1401 non
991 1326 1148 1433 ultimus
1166 1327 1263 1404 inter
1280 1329 1436 1416 amicus,

518 1449 573 1522 Ut
590 1474 660 1524 sua
675 1447 791 1522 verba
807 1447 925 1542 legas,
946 1444 1130 1532 Maxime,
1151 1444 1187 1519 N
1190 1469 1257 1520 aso
1274 1458 1402 1544 roget:

467 1564 512 1644 lii
530 1566 670 1664 quibus
688 1562 881 1661 ingenium
900 1562 1043 1638 desiste
1061 1562 1252 1661 requirere
1270 1576 1452 1650 nostrum,

516 1681 680 1756 Nescius
698 1680 823 1756 exsilii
840 1704 888 1755 ne
905 1679 1056 1756 videare
1073 1679 1161 1756 mei.
1206 1697 1209 1700 ·
1236 1768 1239 1774 ,
1622 1771 1628 1783 .

465 1796 614 1884 Cernis,
633 1809 676 1876 ut
692 1797 870 1895 ignavum
886 1805 1129 1894 corrumpant
1145 1795 1225 1870 otia
1239 1818 1400 1894 corpus3
1489 1798 1514 1870 5

515 1915 571 1989 Ut
587 1916 740 2014 capiant
755 1915 902 2003 vitium,
921 1913 959 1992 ni
978 1922 1209 1997 moveantur,
1228 1934 1351 2009 aqum.

464 2031 516 2106 Et
532 2031 636 2118 mihi,
655 2032 688 2107 si
706 2032 793 2130 quio
811 2042 904 2117 eret,
922 2031 1087 2110 ducendi
1105 2028 1281 2108 carminis
1298 2052 1390 2106 usus

514 2148 666 2235 Deficit,
686 2159 824 2246 estque
840 2148 962 2226 minor
979 2148 1102 2228 lactus
1119 2148 1246 2226 inerte'
1258 2147 1347 2224 situ.

464 2263 559 2344 Haec
578 2289 745 2363 quoque,
764 2288 851 2364 quoe
874 2264 1016 2361 legitis,
1035 2264 1067 2338 si
1088 2263 1180 2362 quid
1203 2261 1308 2348 mihi,
1329 2259 1511 2348 Maxime,

513 2381 724 2460 Scribimus
740 2381 869 2469 invita,
881 2382 1022 2479 vixque
1039 2389 1186 2468 coacta,
1202 2402 1345 2458 manu„
1357 2376 1510 2474 [credin

463 2498 499 2571 N
503 2523 551 2572 on
569 2498 664 2571 libet
681 2498 721 2574 iii
737 2498 833 2574 tales
851 2497 1019 2574 animum
1036 2494 1266 2574 contendere
1283 2517 1405 2581 curas,
1468 2497 1509 2570 ll

513 2613 597 2688 Nec
615 2612 719 2691 venit
736 2613 785 2690 ad
802 2614 918 2690 duros
936 2611 1052 2690 Musa
1067 2620 1202 2690 vocata
1219 2610 1354 2688 Getas.

463 2728 518 2808 Ut
534 2740 663 2810 tumen
679 2729 763 2829 ipse
779 2729 899 2819 vides,
917 2729 1040 2806 luctor
1056 2726 1247 2808 deducere
1263 2748 1437 2814 versum

512 2844 590 2918 Sed
608 2869 685 2920 non
702 2844 746 2918 fit
762 2843 839 2920 isto
857 2843 1004 2918 mollior
1021 2843 1084 2918 ille
1102 2866 1201 2924 mee.

461 2958 590 3045 Quum
599 2962 739 3066 relego,
748 2960 948 3059 scripsisse
960 2959 1097 3059 pudet3
1114 2956 1511 3056 quiaplurimacemo,

510 3074 579 3151 Me
597 3101 750 3176 quoque
768 3076 834 3174 qui
852 3074 925 3154 feci
939 3074 1084 3172 judice,
1102 3073 1219 3170 digna
1235 3071 1314 3148 lini.
1466 3075 1510 3145 16

461 3189 498 3262 N
501 3214 545 3264 ee
556 3202 684 3267 tamen
694 3191 995 3292 emendoilebor
1005 3188 1066 3263 hic
1078 3211 1194 3288 quam
1205 3187 1369 3261 scribere
1379 3188 1510 3285 major,

509 3306 700 3418 Mensque
718 3308 952 3408 putidorum
971 3305 1133 3380 sustinet
1150 3328 1252 3401 tegra
1268 3301 1375 3386 nihil.

461 3421 617 3508 Scilicet
634 3423 812 3523 incipiam
830 3423 921 3500 lima
938 3420 1151 3498 mordacius
1170 3420 1238 3505 uti,

509 3537 560 3618 Et
577 3540 649 3650 snb
663 3538 850 3637 judicium
868 3539 1019 3635 singula
1034 3538 1150 3612 verba
1166 3535 1325 3612 vocem?
1459 3540 1510 3607 20

458 3651 628 3750 Torquet
639 3654 740 3728 enim
758 3654 1066 3754 fortunaparum,
1078 3652 1151 3727 nisi
1163 3650 1274 3725 Nilus
1287 3652 1326 3724 in
1338 3648 1508 3724 Hebrum

508 3767 712 3844 Confluatl
738 3781 779 3844 et
792 3769 946 3845 frondes
964 3770 1126 3870 Alpibus
1143 3768 1260 3844 addat
1278 3767 1425 3842 Atbosl

488 3928 717 3995 evimus]
736 3931 958 3991 nominandis
1007 3931 1508 4000 qmmrmiacicioetmm

455 4003 836 4058 eiiinenusciinrinbsium
861 4007 941 4057 Pom.
1007 4005 1509 4064 hsuddisiimilemhoeedidvffiim

492 4079 646 4130 lLAiiiiiiinii
654 4081 809 4145 mutanda]
823 4080 895 4132 ubst
904 4081 959 4146 qni·
1007 4096 1045 4131 res
1054 4096 1115 4130 mee
1125 4081 1191 4129 dun
1201 4088 1265 4136 nint

455 4151 510 4201 dem
526 4150 648 4217 adplicito
666 4153 771 4203 animum
790 4153 822 4203 ed
837 4153 900 4203 tales
915 4170 958 4204 cn·
1043 4155 1178 4219 &ciliga
1187 4153 1255 4217 liae]
1274 4151 1449 4219 Digmdeleii'.

455 4241 507 4275 res:
525 4226 567 4275 sed
586 4243 633 4275 non
649 4225 752 4276 eundem
766 4228 919 4284 contendere,
931 4228 957 4278 id
1042 4231 1080 4279 19.
1097 4229 1190 4278 Scili'oet
1208 4228 1341 4292 iminium]
1361 4227 1453 4283 Debeo,
1469 4226 1507 4275 iii·

453 4309 498 4355 esi,
515 4301 541 4349 iii
554 4300 642 4349 talibus
654 4299 718 4349 curis
733 4300 847 4350 memte
862 4308 888 4351 ct
901 4316 957 4350 cum
1007 4302 1068 4369 quit,
1079 4301 1214 4352 mordacius
1224 4302 1260 4352 uti
1269 4301 1328 4351 lima
1338 4300 1363 4350 iii
1371 4298 1510 4365 corrigendo

454 4372 580 4439 diligentis
596 4374 693 4424 versari.
728 4374 781 4424 Cic.
799 4373 861 4423 dixit
880 4380 957 4424 auimo
1007 4372 1509 4438 cuimineetluborarecircaunumquod·

454 4451 597 4497 centendunt.
623 4450 704 4499 Ponr.
954 4505 967 4524 χ
1007 4450 1176 4515 queverbum·

491 4521 530 4569 14.
552 4521 605 4570 Meo
617 4523 695 4587 sm]
721 4524 780 4574 Mea
800 4522 954 4575 infelicitate:
978 4551 982 4558 ·
1040 4524 1081 4572 21.
1104 4522 1196 4587 Nilus]
1226 4522 1359 4588 Rescripsit
1386 4520 1510 4576 lleiusius,
