3609 5967
489 744 629 811 ARTIS
651 744 919 811 AMATORIAE
941 744 1031 811 LIB.
1055 744 1125 809 111.
1285 746 1329 810 85

291 916 349 991 Tu
367 941 528 1016 quoque,
547 918 608 992 cui
625 918 782 994 Veneris
800 942 952 994 sensum
969 928 1102 992 natura
1118 917 1278 1013 negavit,

341 1034 476 1107 Dulcia
491 1034 662 1108 mendaci
680 1034 817 1131 gaudia
833 1033 932 1129 finge
950 1056 1056 1107 sono.

293 1147 439 1236 Infelix,
458 1149 518 1222 cui
536 1144 659 1247 torpet
676 1148 793 1223 hebes
811 1150 915 1221 locus
933 1148 1008 1234 ille,
1026 1147 1153 1247 puella
1168 1172 1231 1235 es;

341 1264 425 1348 Quo
442 1264 580 1363 pariter
596 1264 736 1338 debent
752 1264 890 1338 semina
905 1264 1035 1360 virque
1052 1262 1134 1336 frui.
1251 1268 1324 1337 800

291 1364 464 1467 Tantum,
483 1405 570 1454 cum
586 1380 786 1477 fingesne
804 1381 854 1455 sis
872 1379 1068 1455 manifesta
1084 1388 1233 1452 caveto:

339 1495 456 1571 Effice
473 1520 540 1595 per
557 1506 699 1570 motum
718 1497 934 1595 luminaque
950 1498 1033 1595 ipsa
1048 1494 1173 1569 fidem.

289 1608 398 1696 Quod
411 1614 539 1711 juvet:
566 1623 606 1686 et
617 1609 732 1685 Voces
749 1623 787 1686 et
805 1611 989 1685 anhelitus
1007 1622 1138 1708 arguat
1154 1612 1240 1686 oris.

337 1726 399 1800 Ah
409 1728 553 1827 ¹pudet!
580 1752 732 1802 arcanas
749 1752 836 1828 pars
853 1729 967 1802 habet
983 1728 1056 1801 ista
1072 1738 1190 1803 notas.

288 1842 438 1917 Gaudia
453 1854 539 1942 post
554 1842 709 1919 Veneris
722 1869 808 1943 quae
825 1854 958 1943 poscet
969 1831 1107 1917 munus
1121 1853 1318 1929 amantem,

338 1957 426 2057 Ipsa
443 1984 529 2033 suas
546 1960 648 2033 nolet
664 1960 813 2059 pondus
831 1958 969 2033 habere
986 1983 1130 2058 preces.
1247 1964 1319 2035 806

289 2072 370 2149 Nec
386 2076 510 2149 lucem
527 2075 565 2147 in
583 2074 767 2165 thalamos
784 2075 873 2149 totis
890 2076 1046 2151 admitte
1059 2074 1243 2150 fenestris.

337 2189 472 2289 Aptius
489 2191 528 2263 in
544 2202 668 2279 vestro
685 2216 839 2290 corpore
857 2192 976 2287 multa
991 2190 1120 2266 latent.

287 2304 408 2379 Lusus
420 2307 541 2382 ¹habet
556 2308 690 2395 finem:
719 2308 849 2406 cycnis
865 2306 1096 2380 descendere
1113 2316 1288 2405 tempus,⁴

336 2420 535 2495 Duxerunt
551 2423 648 2497 collo
665 2423 730 2519 qui
742 2424 836 2519 juga
851 2431 979 2495 nostro
996 2445 1077 2495 suo.
1247 2426 1320 2495 810

287 2536 342 2619 Ut
358 2537 547 2633 quondam
559 2540 732 2636 juvenes,
750 2538 803 2612 ita
819 2560 932 2623 nunc,
950 2559 1035 2611 mea
1049 2536 1171 2623 turba,
1184 2538 1320 2635 puellae

336 2650 548 2741 Inscribant
565 2652 706 2750 spoliis,
725 2651 761 2724 N
765 2677 829 2727 aso
847 2652 1024 2748 magister
1040 2662 1132 2725 erat·

315 2868 373 2916 805.
384 2866 531 2929 dmum
541 2866 705 2933 ertr,&c.]
724 2868 778 2919 Me·
827 2867 928 2917 Veneris
944 2876 1072 2934 peractum,
1087 2868 1132 2916 &e
1163 2866 1211 2917 Sed
1229 2876 1266 2917 ert
1282 2868 1321 2918 hic

284 2941 336 2991 rula
345 2941 376 2990 de
384 2940 512 3007 repetenda
522 2941 615 2991 Venere
625 2941 689 2993 huuc
700 2943 778 2993 locum
826 2940 1191 3007 Ιοοωάμφζθολοςψωεῑωὶω
1198 2950 1223 2990 et
1232 2941 1324 3007 deprc-

282 3012 380 3081 expouit
395 3014 439 3063 hoc
455 3014 543 3065 ordine.
578 3015 633 3069 Qua
646 3019 716 3079 parcit
727 3034 778 3065 mu·
826 3016 860 3065 tio
869 3014 919 3064 sire
929 3015 991 3065 dona
1001 3013 1095 3081 exponi,
1105 3014 1150 3063 hcc
1159 3014 1244 3068 modo:
1259 3018 1320 3076 Qun

282 3082 495 3153 nummum
502 3088 593 3137 Veneris
599 3091 780 3148 adamantem·
826 3088 908 3155 poscit
918 3096 1045 3143 amntem,
1056 3088 1105 3137 cive
1119 3089 1150 3136 ab
1164 3098 1258 3139 amante
1268 3106 1320 3139 mu·

282 3160 343 3219 Qun
351 3161 371 3210 si
379 3160 453 3210 verior
461 3161 574 3227 expositio
580 3172 624 3221 est,
629 3162 709 3212 malim
718 3179 776 3213 eun·
825 3178 878 3220 nus,
888 3171 941 3229 pust
951 3161 1040 3227 gandia
1049 3161 1156 3218 Veneria,
1165 3162 1257 3212 seilicet
1265 3180 1319 3229 per·

282 3233 336 3284 dem
352 3233 415 3285 hunc
429 3235 534 3285 ordinem
551 3235 644 3294 inverti,
658 3239 776 3303 tubaque
825 3244 887 3294 acta,
896 3237 942 3285 dre.
958 3236 1039 3293 Quare
1049 3242 1074 3283 et
1083 3234 1146 3283 hunc
1156 3234 1181 3282 iu
1192 3235 1318 3287 mediore-

282 3307 333 3372 ipsa
346 3308 380 3357 tic
394 3308 510 3359 censurii:
528 3310 589 3375 Quae
603 3310 663 3375 petit
676 3310 774 3374 gaudia,
824 3310 967 3375 linquamus.
983 3309 1078 3357 Mrcrr..
1095 3308 1257 3375 Pcrcetprima
1266 3310 1317 3359 edi-

280 3380 369 3433 seilicet
375 3383 514 3449 altempost
521 3399 607 3433 munus
615 3383 664 3433 sive
672 3384 775 3434 officium
825 3384 857 3433 tiu
866 3392 891 3434 et
901 3382 1007 3449 Regium
1021 3383 1210 3447 quiramus
1226 3384 1317 3435 Huius·
