3609 5967
438 796 508 861 EX
533 795 694 863 PON'l'O
719 795 810 862 LIB.
836 796 886 863 ll.
908 797 1055 864 EPIST.
1080 799 1149 864 IX.
1252 802 1318 867 433

269 968 345 1043 Sed
365 992 479 1067 quam
499 968 623 1051 Marte
641 968 761 1058 ferox,
776 982 815 1044 et
833 972 932 1047 vinci
951 971 1102 1046 nescius
1120 973 1246 1060 armis,
1266 979 1315 1049 45

315 1083 409 1158 Tam
428 1108 620 1182 nunquam
639 1086 739 1160 facta
755 1109 851 1185 paco
868 1086 1012 1161 cruoris
1030 1110 1175 1163 amans.
1198 1147 1201 1154 .
1227 1093 1229 1098 ’

264 1198 388 1287 Adde,
407 1200 510 1297 quod
528 1200 711 1297 ingenuas
726 1200 908 1277 didicisse
925 1201 1086 1276 fideliter
1103 1214 1215 1291 artes,

315 1313 471 1389 Emollit
489 1340 625 1403 mores,
645 1342 715 1391 nec
735 1317 824 1391 sinit
840 1341 925 1391 esse
943 1316 1055 1393 leros.

265 1428 348 1505 Nec
367 1455 498 1529 regum
510 1432 713 1530 quisquam
730 1433 852 1530 magis
870 1445 931 1509 est
949 1433 1154 1508 instructus
1167 1438 1215 1509 ab
1226 1436 1312 1522 illis,

313 1545 474 1621 Mitibus
493 1555 559 1621 aut
576 1547 713 1622 studiis
731 1559 903 1647 tempora
920 1550 1030 1648 plura
1046 1549 1165 1624 dedit.
1264 1556 1313 1625 50

263 1660 444 1735 Carmina
461 1672 668 1751 testantur3
690 1681 789 1762 qum,
809 1665 840 1736 si
859 1672 926 1739 tua
942 1665 1095 1741 nomina
1111 1667 1254 1754 demas,

311 1775 528 1852 Threicium
541 1779 720 1874 juvenem
738 1781 997 1878 composuisse
1015 1806 1164 1879 negem.

263 1891 370 1967 Neve
387 1895 459 1968 sub
478 1895 687 1969 hostractu
703 1906 811 1970 vates
824 1894 922 1971 soret
939 1896 1074 1971 unicus
1094 1898 1285 1998 Orpheus,
1304 1940 1310 1950 ·

312 2006 480 2083 Bistonis
498 2009 648 2107 ingenio
666 2017 767 2086 terra
783 2013 950 2110 superba
965 2023 1032 2100 tuo
1051 2025 1121 2088 est.
1315 1999 1319 2007 ¹

263 2123 393 2221 thue
406 2124 475 2198 tibi
490 2136 549 2200 est
563 2126 723 2214 animus,
739 2150 858 2225 quum
873 2152 933 2202 res
947 2128 1002 2202 ita
1015 2130 1194 2227 postulat,
1207 2154 1311 2204 arma

312 2239 482 2328 Sumere,
502 2252 542 2344 et
558 2242 685 2317 hostili
703 2244 850 2340 tingere
868 2244 974 2318 oaede
992 2268 1167 2334 manum;
1261 2250 1325 2354 56ἱ

257 2355 397 2455 Atque,
417 2369 459 2431 ut
475 2382 530 2444 es,
549 2382 712 2432 excusso
725 2360 896 2455 jaculum
911 2369 1088 2457 torquere
1106 2362 1260 2448 lacerto,

310 2472 496 2570 Collaque
513 2473 655 2547 velocis
672 2473 825 2548 flectere
842 2474 979 2548 doetus
998 2477 1109 2574 equi3

257 2588 447 2688 Tempora
464 2590 518 2696 sic
536 2591 627 2665 data
643 2601 732 2665 sunt
749 2590 884 2665 studiis
902 2591 968 2665 ubi
981 2593 1088 2689 justa
1101 2594 1281 2691 paternis,

295 2703 443 2804 vthue
461 2706 539 2780 suis
556 2707 721 2783 humeris
739 2708 834 2782 sorte
853 2708 997 2806 quievit
1013 2732 1130 2808 opus;
1257 2714 1308 2785 60

259 2820 319 2896 Ne
338 2832 405 2895 tua
423 2834 658 2898 marcescant
674 2848 742 2922 per
760 2824 901 2900 inertes
919 2824 999 2899 otia
1015 2850 1181 2913 somnos,

308 2937 452 3012 Lucida
466 2935 591 3013 Pieria
607 2939 732 3013 tendis
750 2939 787 3013 in
807 2951 907 3014 astra
924 2940 995 3014 via.

255 3292 362 3350 Pheras,
379 3292 510 3343 Pherarum
527 3294 553 3344 in
572 3295 698 3345 Thessalis
718 3305 753 3362 ty·
804 3303 923 3363 poetaque
941 3307 966 3345 et
985 3296 1110 3361 theologus
1132 3295 1305 3348 excellentissi-

255 3382 329 3417 rsnno
347 3366 517 3425 crudelissimo.
536 3367 620 3419 lsudst
631 3370 753 3427 Heinsius,
804 3386 866 3420 mus.

254 3442 297 3508 qui
307 3441 403 3507 copiose
413 3441 444 3491 de
456 3457 486 3491 eo
495 3442 553 3508 egit,
564 3443 684 3509 Nepotem
692 3444 754 3507 (xvi.
836 3446 877 3494 54.
888 3444 990 3493 Borean
1003 3443 1087 3508 ursa]
1105 3443 1179 3493 Terre
1187 3445 1304 3504 Thracia,

254 3520 279 3567 ὀ.
299 3515 334 3579 1.)
355 3524 381 3565 et
401 3515 557 3565 Plutarchum
584 3517 610 3566 in
637 3516 752 3584 Pelopids
803 3518 838 3567 sic
852 3517 918 3568 diets
934 3533 950 3566 s
965 3517 1073 3568 Thracia
1088 3525 1174 3583 stagno
1187 3519 1304 3579 Bistonio,

253 3592 367 3657 aliosque·
383 3590 497 3640 Hennes.
529 3591 596 3642 Illud
606 3590 753 3657 preteream
804 3591 908 3641 Abdera
935 3591 988 3641 urbi
1009 3590 1095 3641 ricino.
1138 3592 1180 3641 Est
1200 3599 1304 3656 superlu.

158 3708 167 3722 .
253 3677 387 3716 trsnscmm
401 3665 554 3722 monendum.
567 3666 692 3732 scriptores
709 3682 752 3716 sn·
803 3666 847 3715 Est
857 3665 951 3716 nobilis.
977 3666 1049 3715 Mun.

252 3738 752 3805 tiquoshuneApollodorumoumPlrsls·
789 3774 794 3780 -
834 3741 876 3790 67.
889 3739 1303 3804 UstIdestntstimutoccasio

252 3814 304 3864 ride
318 3814 453 3879 lrequemer
466 3812 619 3879 conjungere,
629 3813 693 3879 quod
703 3824 751 3865 ete
802 3813 1302 3880 sedatnonsumptospstiosdmeditso-
1376 3845 1379 3850 ·

252 3890 341 3939 Nostro
350 3888 489 3938 hielsetnm
500 3887 615 3937 videmus.
637 3888 677 3938 Its
687 3897 752 3938 certe
802 3887 869 3945 dum,
890 3895 932 3936 aut
951 3894 1098 3943 vastemus
1119 3885 1228 3937 habitum
1247 3904 1299 3940 rnu-
1351 3951 1353 3960 γ

251 3963 394 4014 Plutarchus
414 3970 439 4011 et
458 3962 545 4011 Suidas
562 3961 588 4010 in
606 3961 751 4029 Ἱερόνυμος,
801 3970 864 4019 tans,
880 3969 907 4011 ut
927 3960 1014 4028 passim
1035 3959 1070 4009 its
1086 3963 1156 4018 sieut,
1176 3964 1240 4011 utus
1261 3975 1302 4013 est.

253 4036 390 4103 Polyb.lib.
401 4036 433 4085 vi.
450 4035 640 4093 enuntiati.
654 4036 686 4086 de
699 4036 749 4087 Ns·
802 4036 891 4085 Busrr.

251 4121 306 4161 turs
317 4111 438 4170 Deorum
454 4111 555 4167 Seneca
570 4109 600 4160 de
614 4110 750 4170 Bemicim
780 4143 788 4148 -
833 4112 874 4161 59.
893 4110 1002 4174 Tempora
1018 4113 1051 4159 sie
1070 4110 1172 4174 audin]
1190 4111 1301 4170 Quando,

250 4185 447 4254 libaiiceptw.
459 4185 545 4252 ,Atque
552 4184 604 4234 lrec
614 4184 645 4235 de
652 4184 749 4256 apollo·
800 4185 888 4251 inquit,
908 4185 985 4251 pstris
1003 4184 1038 4234 tui
1056 4183 1142 4233 studiis
1161 4193 1186 4234 et
1206 4185 1300 4235 bellica

249 4257 576 4310 domdioendsvidsbsntur:
588 4274 642 4323 quse
651 4259 750 4310 obscuro
800 4257 964 4309 uereitstioni
981 4273 1078 4325 operam
1098 4256 1193 4314 dedisti,
1209 4265 1234 4306 et
1255 4257 1300 4307 ltu·

250 4333 366 4383 lmteuus
381 4349 430 4383 uec
445 4332 569 4382 intellecto
579 4332 683 4383 Nasonis
696 4334 749 4383 looo
799 4333 871 4383 meris
888 4331 936 4383 tuis
952 4331 1089 4382 sustentasti
1108 4331 1196 4380 molem
1215 4339 1241 4380 at
1258 4346 1300 4381 ne·

249 4409 329 4458 lucam
339 4407 557 4459 sdlsturscoolido.
583 4407 673 4458 Herus.
798 4408 864 4472 gotis
881 4406 948 4473 regni
962 4406 1069 4471 pstemi3
1085 4420 1116 4455 ne
1130 4420 1172 4470 per
1181 4419 1299 4464 somnum

281 4483 322 4531 44.
335 4481 428 4545 Quive]
442 4481 558 4531 Phalaris.
798 4491 841 4531 sut
856 4481 977 4546 igneum
991 4493 1076 4546 eorpus
1092 4487 1231 4536 msroescst,
1242 4494 1298 4545 poe·

281 4558 323 4607 53.
334 4556 403 4606 Fores
412 4560 495 4607 estem
505 4556 587 4620 natm]
606 4558 676 4607 Feret
683 4557 748 4607 solos
797 4556 846 4607 ties
853 4555 967 4605 facultate
974 4553 1017 4603 tibi
1025 4551 1225 4603 immortalitatem
1232 4569 1297 4604 com-

248 4639 335 4696 poets5
362 4630 474 4697 Orpheus
499 4631 563 4681 enim
588 4631 668 4681 'Ihm
693 4630 747 4687 luit,
782 4629 876 4696 'paras
904 4628 994 4676 Herus.

282 4706 357 4756 ΥΟΕ,
368 4706 403 4756 11.
894 4704 940 4750 l'r

946 4931 1007 5194 r
