3609 5967
422 1157 636 1236 PUBLII
682 1156 887 1235 OVIDII
934 1159 1204 1237 NASONIS

642 1344 977 1503 umanum

506 1609 509 1615 ⁴
599 1660 753 1723 LIBER
783 1660 1018 1735 QUINTUS.

712 1886 910 1940 ...4-

682 2126 944 2180 masuram.

289 2305 413 2384 Hunc
431 2334 586 2408 quoque
603 2310 652 2385 de
664 2310 815 2400 Getico,
830 2310 950 2384 nostri
968 2308 1150 2398 studiose,
1164 2311 1336 2388 libellum

336 2424 474 2512 Litore,
493 2425 698 2525 praemissis
717 2435 879 2523 quatuor
897 2424 995 2498 adde
1014 2424 1123 2498 meis.

286 2537 361 2615 Hic
380 2565 534 2640 quoque
552 2542 639 2617 talis
657 2541 741 2630 erit,
761 2541 886 2639 qualis
903 2540 1055 2614 fortuna
1071 2551 1217 2639 poetae3

336 2654 511 2731 Invenies
529 2667 610 2732 toto
627 2658 793 2733 carmine
807 2657 918 2733 dulce
936 2657 1051 2734 nihil:

286 2771 442 2848 Flebilis
459 2785 502 2849 ut
519 2785 645 2849 noster
663 2785 783 2850 status
799 2785 870 2862 est,
888 2773 943 2849 ita
959 2773 1086 2849 flebile
1104 2796 1269 2860 carmen,
1310 2777 1334 2848 5

336 2887 508 2965 Materia
526 2889 668 2990 scripto
686 2890 933 2964 conveniente
952 2913 1044 2963 suae.

287 3002 440 3102 Integer
457 3015 497 3078 et
514 3005 635 3095 laetus,
654 3004 743 3081 laeta
758 3016 799 3081 et
811 3004 994 3104 juvenilia
1010 3004 1108 3079 lusi:

336 3117 409 3193 Illa
425 3130 552 3195 tamen
570 3144 671 3194 nunc
689 3145 750 3194 me
767 3120 1028 3220 composuisse
1045 3120 1165 3219 piget.

286 3233 342 3309 Ut
358 3235 492 3323 cecidi,
512 3234 628 3310 subiti
646 3257 786 3334 perago
804 3236 992 3334 praeconia
1008 3259 1134 3323 casus,

335 3350 507 3449 Sumque
525 3351 737 3449 argumenti
754 3351 926 3426 conditor
943 3350 1025 3450 ipse
1044 3351 1131 3425 mci.
1286 3353 1331 3423 10

286 3466 428 3565 thue,
442 3469 577 3566 jacens
595 3467 689 3567 ripa,
708 3469 849 3542 deflere
868 3467 1067 3566 Caystrius
1086 3467 1164 3541 ales

334 3583 483 3657 Dicitur
500 3608 564 3659 ore
582 3609 691 3658 suam
708 3585 911 3661 deficiente
928 3607 1083 3657 necem:

318 3785 339 3832 l.
352 3784 388 3833 Da
402 3786 468 3834 litore
478 3785 581 3849 Getica]
599 3785 639 3835 Da
656 3785 724 3835 litore
733 3786 780 3836 To·
830 3784 911 3834 ticum.
934 3785 1009 3833 Mna.

282 3857 378 3907 mitam
395 3857 467 3915 urbis,
481 3874 534 3924 qun
550 3857 613 3908 litori
629 3859 717 3909 Getico
734 3860 778 3910 ad·
864 3855 1329 3924 10.Sumqmurgumnticouditor.]lp-

277 3931 383 3997 jacebat.
411 3931 501 3981 Huius.
829 3942 903 3983 semet
917 3931 975 3980 milri
990 3933 1114 3980 matonam
1130 3930 1159 3979 ad
1178 3929 1329 3981 scabendum

313 4007 340 4055 2.
352 4005 460 4060 Quatuor
475 4007 680 4071 numina]
698 4007 779 4056 Libel-
828 4005 978 4072 subpeditari
988 4023 997 4066 ς
1012 4004 1069 4054 -alii
1096 4004 1192 4054 aliunde
1215 4000 1348 4067 sumunt;‘

280 4079 437 4137 lisTristium,
449 4080 729 4130 anteaRomammissis.
828 4081 941 4144 quoniam
957 4078 1102 4129 calamitatis
1118 4093 1270 4143 umquam
1287 4079 1330 4129 de·

314 4156 337 4203 6.
353 4154 404 4202 Suc
421 4154 542 4218 merim]
564 4155 674 4204 Materia
691 4163 777 4221 poete,
828 4154 902 4220 ploro,
910 4154 995 4211 habeo,
1003 4162 1089 4220 proter
1099 4168 1146 4211 me,
1153 4160 1274 4203 auctorem
1284 4170 1328 4202 na·

281 4244 334 4295 qun
345 4238 382 4279 est
392 4230 473 4279 tristis.
828 4229 925 4277 minem.
950 4228 1028 4279 Pour.
1172 4273 1175 4279 .

313 4304 339 4352 7.
354 4303 467 4371 langen]
484 4304 540 4354 Non
556 4305 682 4370 relegatus.
715 4304 779 4352 Im
863 4300 1102 4366 lucayarusatea]
1119 4298 1328 4364 CycnundCay·

279 4388 302 4426 et
305 4381 433 4440 juvenilia.
453 4380 542 4428 Noster
549 4378 589 4428 hic
599 4378 671 4427 libros
682 4376 777 4427 deArte
828 4383 903 4427 suum
913 4376 1013 4424 durium
1023 4372 1157 4440 pervolans.
1310 4406 1315 4413 .

280 4451 377 4501 amandi
390 4452 516 4518 siguificat.
862 4450 901 4498 12.
913 4445 1107 4513 Ondcficienu]
1131 4441 1266 4494 Deficiente
1278 4445 1328 4511 spi·

312 4525 338 4574 9.
350 4525 439 4592 Perago
447 4524 580 4589 prmum]
590 4525 650 4583 Sum
659 4539 746 4591 proco,
753 4532 778 4573 et
826 4522 882 4581 ritu,
891 4522 930 4573 val
941 4537 1047 4588 corpora.

278 4597 366 4647 scribo.
398 4598 472 4649 Soliti
489 4616 562 4650 cam.
579 4598 668 4649 Subito
685 4588 778 4662 rdegd·
979 4646 983 4653 .
