3609 5967
457 801 527 869 EX
550 800 711 867 PON'l'O
734 798 826 867 LIB.
851 799 900 864 ll.
925 799 1070 867 EPIST.
1095 800 1163 867 111.
1263 803 1329 868 4⁰9

594 1011 921 1089 EPISTOLA
949 1013 1024 1088 ΙΙΙ.

701 1197 915 1264 ΜΔΧΙΜΟ.

290 1328 491 1417 Munus,
510 1329 576 1427 qui
593 1328 704 1404 claris
721 1352 858 1402 nomen
874 1327 1074 1401 virtutibus
1092 1351 1233 1426 requae,

338 1446 375 1519 N
377 1470 422 1520 ec
440 1445 530 1519 sinis
548 1444 739 1541 ingenium
757 1443 953 1518 nobilitate
971 1443 1111 1542 premi;

288 1560 401 1635 Culte
415 1561 519 1648 mihi,
531 1560 642 1657 (quid
655 1560 756 1634 enim
770 1569 891 1635 status
902 1559 964 1634 hic
982 1583 1005 1633 a
1021 1558 1150 1634 sunere
1163 1558 1329 1657 differet)

339 1675 566 1776 Supremum
585 1676 668 1751 vitoe
686 1688 835 1776 tempus
853 1676 1040 1774 adusque
1061 1700 1176 1750 meae:

289 1792 386 1868 Rem
404 1794 508 1882 facis,
527 1792 720 1868 adflictum
738 1817 814 1867 non
831 1802 1024 1867 aversatus
1042 1793 1216 1882 amicum,
1303 1800 1327 1869 5

337 1907 424 1994 Qua
440 1933 515 1983 non
531 1917 590 1983 est
607 1932 686 1982 aevo
703 1908 818 1983 rarior
833 1908 911 1981 ulle
927 1917 1005 1981 tue.

287 2022 413 2124 Turpe
430 2024 584 2122 quidem
598 2023 715 2111 dictu,
735 2024 815 2109 sed,
835 2023 866 2097 si
884 2023 996 2096 modo
1012 2047 1101 2098 vera
1116 2022 1289 2113 fatemur,

334 2140 480 2238 Vulgus
498 2141 682 2215 amicitias
700 2141 861 2216 utilitate
879 2141 1029 2240 probat.

289 2254 391 2330 Cura
407 2257 499 2355 quid
516 2257 696 2356 expediat
711 2256 815 2355 prius
829 2267 901 2343 est,
917 2280 1031 2353 quem
1045 2257 1136 2353 quid
1150 2258 1200 2330 sit
1212 2258 1326 2332 hone·

338 2371 490 2446 Etcum
507 2372 655 2447 fortuna
672 2382 824 2470 statque
841 2372 1020 2469 caditque
1036 2372 1144 2447 fides.
1190 2376 1324 2470 [stumz

287 2488 323 2561 N
326 2512 370 2563 ec
387 2487 497 2562 facile
514 2487 680 2561 invenies
698 2487 827 2560 multis
844 2487 883 2560 iu
900 2487 1067 2561 millibus
1085 2513 1214 2576 unum,
1283 2496 1322 2564 ll

337 2604 523 2678 Virtutem
541 2605 703 2704 pretium
720 2604 787 2702 qui
805 2613 913 2703 putet
929 2628 1013 2678 esse
1030 2604 1101 2677 sui.

286 2720 376 2821 lpse
392 2722 517 2807 decor,
537 2732 638 2796 recte
654 2721 745 2796 fecti
762 2721 794 2794 si
811 2719 967 2818 praemia
983 2719 1120 2806 desint,

335 2838 372 2911 N
375 2862 423 2912 on
441 2848 578 2923 movet,
598 2848 637 2911 et
654 2836 770 2934 gratis
788 2836 946 2935 poenitet
963 2860 1048 2910 esse
1066 2834 1235 2934 probum.

286 2952 363 3042 Nil,
376 2953 447 3029 nisi
460 2953 563 3051 quod
577 2954 743 3052 prodest,
756 2964 975 3028 carumest:
1004 2952 1028 3039 i,
1040 2952 1195 3026 detrahe
1210 2951 1325 3027 menti

335 3071 454 3169 Spem
470 3069 614 3144 fructus
632 3069 764 3155 avidae,
783 3093 894 3144 nemo
913 3067 1097 3167 petendus
1115 3068 1197 3141 erit.
1282 3073 1325 3143 16
1413 3127 1417 3135 .

285 3184 338 3260 At
355 3185 496 3260 reditus
509 3187 589 3283 jam
607 3187 770 3284 quisque
788 3211 876 3260 suos
894 3197 1008 3272 amat,
1022 3195 1062 3259 et
1079 3184 1151 3257 sibi
1168 3185 1261 3282 quid
1279 3185 1328 3258 sit

336 3299 453 3387 Utile,
472 3301 641 3375 sollicitis
659 3302 840 3400 subpetat
858 3302 1038 3375 articulis.

284 3415 385 3491 Illud
403 3415 576 3490 amicitiae
594 3417 785 3514 quondam
802 3417 1016 3492 venerabile
1033 3440 1172 3490 numen

333 3532 498 3619 Prostat‚
517 3543 556 3608 et
574 3534 611 3607 in
631 3545 778 3632 quaestu
796 3558 863 3633 pro
881 3533 1078 3608 meretrice
1096 3533 1215 3607 sedet.
1277 3540 1327 3608 20

315 3750 340 3799 ³.
357 3751 420 3806 Quid
439 3756 500 3800 enisu
516 3763 590 3801 statue
610 3753 647 3801 tte
663 3772 679 3800 e
689 3753 779 3819 sunere
828 3754 867 3801 udi
877 3753 946 3799 melos
951 3752 1043 3813 premia
1052 3757 1188 3814 sequentur,
1196 3749 1258 3797 tend
1267 3752 1327 3812 quie

283 3824 384 3889 differt]
402 3824 468 3884 Quid
482 3825 545 3874 enim
558 3825 610 3874 hnc
623 3825 727 3875 conditio
737 3842 779 3876 ex·
828 3843 895 3890 φιωιι
904 3827 1009 3890 gratuito
1019 3826 1088 3872 imaue
1097 3833 1137 3871 set.

283 3897 342 3946 suli·
352 3897 418 3947 eliud
429 3907 475 3957 est,
484 3914 558 3964 quem
567 3900 763 3964 morsquedeml
863 3901 902 3949 16.
920 3901 991 3948 Nemo
999 3901 1110 3961 urendus
1120 3897 1184 3962 eric]
1202 3897 1281 3946 Nemo
1290 3899 1327 3947 in·

315 3974 340 4021 5.
360 3971 415 4021 Neu
432 3973 569 4036 emtus]
590 3974 645 4022 Neu
663 3973 779 4039 rejiciens.
830 3975 936 4024 venietur
946 3974 988 4039 qui
998 3973 1057 4024 velit
1065 3974 1176 4022 virtum
1186 3973 1274 4022 colere.

284 4043 355 4094 Mn.
387 4045 453 4095 Duru
471 4061 509 4095 ms
526 4046 634 4110 quemvis
650 4049 779 4111 relegatum
863 4050 902 4098 lu.
922 4048 1042 4110 computet
1061 4046 1188 4110 articulis]
1215 4048 1328 4109 &lpum

283 4125 309 4168 et
329 4118 491 4169 alentem
512 4137 554 4185 pm
571 4122 647 4168 amico
665 4122 779 4182 agnoscis.
830 4120 911 4188 scripti
922 4121 1037 4171 meliores.
1058 4122 1148 4170 Herus.
1170 4121 1278 4169 Sollicitis
1288 4138 1326 4168 er·

287 4191 364 4241 Pous.
831 4197 917 4244 uersu.
937 4194 1026 4258 Digitis
1036 4194 1136 4244 heminis
1146 4193 1240 4242 solliciti
1250 4201 1275 4242 et
1285 4208 1326 4241 cu·

318 4268 355 4315 12
375 4267 487 4317 Virtutem
491 4271 600 4331 pretium,
611 4269 669 4332 dcc]
680 4270 729 4326 Qui
739 4285 779 4317 en·
830 4269 884 4319 riosi
892 4270 917 4319 iu
928 4269 1098 4318 ratiocinando.
1119 4268 1160 4316 ·Iu
1171 4266 1252 4330 digitis
1262 4265 1326 4314 enim

283 4340 371 4389 istimet
380 4343 490 4392 virtutem
506 4359 557 4393 esse
570 4359 612 4409 per
628 4359 653 4392 se
668 4354 778 4409 expeten·
831 4344 975 4410 computatio
986 4344 1035 4394 lieri
1046 4343 1144 4392 solebat.

284 4415 348 4471 dem,
359 4431 405 4464 non
416 4427 495 4465 eutem
505 4417 596 4483 premii
606 4418 689 4483 gratim
862 4421 901 4467 20.
921 4419 1034 4481 Prusias]
1053 4417 1146 4466 Venale
1161 4423 1197 4462 est
1212 4421 1325 4478 tunquam

320 4490 357 4538 1³.
375 4490 425 4550 lpse
439 4493 503 4539 decer
519 4493 602 4555 rectu]
621 4493 676 4556 lpse
688 4492 780 4541 virtutis
831 4493 953 4541 meretrix:
973 4508 1019 4540 nun
1031 4491 1093 4538 enim
1108 4487 1213 4537 hemines
1223 4485 1328 4536 amicitie

284 4562 442 4627 pulchritudo.
831 4565 906 4621 ducti,
924 4566 1011 4614 amicus
1029 4563 1129 4627 eligunt.
1149 4562 1191 4611 sed
1210 4560 1327 4620 utilitate3

319 4637 355 4684 1⁴.
374 4638 475 4702 Gratis]
494 4638 590 4689 Sallust.
601 4639 661 4688 llist.
674 4640 684 4687 l
696 4661 700 4686 ;
722 4640 779 4686 Nam
830 4651 853 4687 et
865 4656 893 4687 eu
903 4649 974 4703 pacto
986 4638 1094 4686 videntur
1106 4636 1232 4685 amicitiam
1242 4637 1325 4701 prusti·
