3609 5967
522 772 662 845 ARTIS
685 772 953 841 Anniculus
975 776 1066 842 ΠΒ.
1091 779 1140 844 ΙΙ.
1297 780 1342 847 37

303 953 423 1039 Adde,
440 952 542 1050 quod
561 959 619 1025 est
636 948 708 1025 iilis
726 968 881 1048 operum
895 947 1095 1047 pmdentio
1109 955 1244 1049 major:
1265 957 1338 1027 676

352 1068 462 1142 Solus
479 1078 528 1153 et,
548 1066 708 1139 artifices
725 1066 790 1163 qui
809 1062 911 1150 fucit,
929 1087 1021 1137 usus
1038 1064 1158 1139 adest.

301 1178 378 1256 111ae
396 1182 586 1257 munditiis
605 1200 782 1255 annorum
798 1180 939 1253 domna
953 1181 1185 1279 rependunt:

349 1294 399 1371 Et
416 1298 556 1373 faciunt
572 1298 675 1383 curd,
696 1319 743 1369 ne
761 1296 956 1370 videantur
972 1319 1078 1370 anus.

301 1412 428 1511 thue
446 1414 550 1500 velis,
569 1412 754 1511 Venerem
768 1415 932 1511 jungunt
947 1436 1015 1511 per
1031 1414 1133 1487 mille
1149 1414 1300 1511 figuras.

349 1527 518 1603 inveniat
535 1529 660 1628 piures
678 1527 781 1601 nulla
796 1528 935 1603 tabella
951 1529 1094 1603 modos.
1260 1534 1335 1603 680

300 1643 378 1717 Illis
396 1646 555 1719 sentitur
571 1666 646 1718 non
664 1645 805 1719 irritata
817 1645 1012 1743 voiuptos:

348 1760 458 1845 Quod
473 1764 590 1860 juvet,
609 1784 658 1836 ex
675 1780 785 1859 aequo
802 1760 1087 1859 seminecisque
1103 1759 1240 1835 ferunt:

299 1876 373 1951 Odi
391 1878 625 1964 concubitus,
644 1879 709 1976 qui
728 1898 800 1951 non
819 1884 1019 1975 utrumque
1036 1879 1239 1952 resotvunt:

270 2055 273 2063 .
347 1990 429 2067 Hoc
447 2006 517 2081 est,
536 2010 602 2068 cur
620 1995 724 2093 pueri
742 2004 874 2091 tangar
891 2016 1018 2067 amoro
1035 1992 1170 2067 minus.

298 2108 372 2183 Odi
390 2132 474 2209 quse
493 2112 648 2210 prebet,
666 2110 757 2209 quia
771 2112 822 2185 sit
838 2112 1006 2209 prtebere
1024 2132 1195 2197 necesse3
1257 2112 1332 2183 686

347 2226 533 2324 Siccaque
547 2227 597 2301 de
614 2226 700 2301 1666
718 2226 860 2323 cogitat
877 2225 1056 2324 ipsosud.

296 2340 389 2425 Quae
405 2342 515 2415 datur
531 2342 664 2428 officio,
683 2364 757 2415 non
775 2352 833 2415 est
849 2340 941 2414 mibi
958 2352 1065 2437 grato
1081 2342 1264 2439 voluptas.

346 2456 519 2531 Officium
537 2458 648 2532 saciat
665 2458 767 2533 nullo
782 2458 907 2556 puello
924 2458 1027 2531 mibi.

296 2571 361 2645 Me
378 2596 488 2647 voces
506 2574 633 2648 audire
647 2577 753 2672 juvat
770 2556 839 2649 sud
856 2574 993 2671 gaudia
1008 2572 1150 2647 fossas:

346 2686 474 2785 thue
491 2712 613 2763 morer
630 2702 780 2776 memet,
800 2692 1093 2786 sustineamque,
1111 2698 1229 2784 roget.
1258 2691 1333 2761 690

294 2801 513 2902 Adspicium
530 2806 690 2878 dominae
708 2804 826 2879 victos
845 2807 1004 2879 amentis
1021 2806 1173 2879 ocellos.

345 2918 553 3015 Langueat3
583 2930 622 2994 et
639 2920 741 3017 tangi
759 2944 800 2995 se
818 2931 920 2995 vetet
936 2920 1001 2995 iila
1015 2920 1093 2995 diu.

295 3032 387 3107 Haec
406 3036 503 3108 bonu
521 3058 594 3107 non
611 3036 740 3133 primae
758 3037 887 3109 tribuit
904 3045 1036 3109 natum
1047 3038 1225 3133 juvente,

342 3150 436 3235 Quae
453 3150 527 3223 cito
545 3161 631 3249 post
647 3162 790 3250 septem
809 3152 927 3225 lustro
943 3152 1068 3224 venire
1084 3152 1219 3224 soient.
1254 3153 1327 3223 694

292 3265 365 3350 Qui
380 3277 591 3364 properant,
604 3292 697 3341 nova
711 3279 834 3341 musta
847 3268 991 3342 bibant.
1011 3266 1100 3339 mihi
1111 3264 1327 3340 fundaturi·

341 3380 569 3455 Consulibus
587 3384 719 3481 priscis
733 3383 884 3457 condito
899 3393 1000 3457 testa
1015 3402 1170 3455 metum.
1229 3382 1327 3476 [tum

322 3716 378 3767 676.
398 3718 496 3780 066616
505 3718 652 3781 prudentio]
670 3719 785 3781 Scioopms
834 3718 901 3767 nihili
911 3717 961 3767 fieri
975 3718 1057 3766 audio:
1074 3724 1156 3765 oootn
1171 3716 1230 3766 uio·
1245 3718 1328 3783 poitur

290 3788 337 3840 dici
348 3791 465 3859 praecipue
475 3790 505 3839 de
516 3792 666 3848 Venere,sed
677 3806 706 3841 sn
717 3810 784 3855 opero
834 3808 913 3841 amare
923 3799 948 3841 et
957 3792 1083 3856 suspicere.
1109 3790 1254 3840 erectarum
1264 3792 1328 3843 ncili-

288 3862 373 3929 piumli
389 3880 486 3913 numero
495 3872 558 3913 reote
569 3864 678 3914 dicuntur
689 3864 782 3915 dubito.
833 3874 871 3915 cet
880 3866 1001 3931 ingenium
1011 3872 1036 3913 et
1043 3862 1169 3931 judicium.
1203 3864 1272 3915 Cios.

288 3938 334 3985 etsi
344 3937 490 3986 bulationem
503 3954 517 3985 c
528 3954 552 3987 re
563 3938 674 3987 castrensi
685 3954 735 3987 esse
743 3956 783 3989 ve·
865 3942 923 3989 694.
942 3940 997 3994 Quo
1008 3942 1053 3987 cito
1062 3948 1109 4001 post
1119 3939 1221 4003 copim]
1239 3940 1264 3988 Si
1275 3948 1326 3989 tum

290 4011 317 4060 iit
329 4010 460 4059 Brouirhun.
478 4010 509 4059 ad
519 4012 599 4059 Tibui.
611 4012 629 4059 i.
646 4028 670 4060 x.
680 4013 720 4060 64.
739 4028 783 4077 ego
833 4016 898 4064 tarde
913 4016 977 4063 bona
990 4014 1033 4062 itta
1048 4013 1153 4070 veniunt,
1170 4022 1194 4062 ct
1208 4015 1325 4081 pontion.

288 4096 351 4135 certe
372 4086 475 4143 maliem,
496 4102 573 4134 rerum
592 4090 715 4148 prudentio
734 4106 782 4137 mo-
832 4106 887 4155 gum
906 4105 985 4145 usum,
1003 4105 1034 4137 an
1048 4088 1089 4137 itta
1106 4086 1153 4136 cito
1167 4088 1246 4139 venire
1262 4100 1326 4141 recte

283 4166 336 4224 jor:
353 4160 388 4211 ita
398 4162 485 4224 passim
498 4170 597 4210 veteres.
632 4162 721 4210 Eunu.
832 4162 1042 4213 dicunturvideant
1052 4160 1178 4211 acutiores.
1195 4162 1253 4213 mihi
1264 4180 1326 4214 sem-

320 4232 376 4284 666.
394 4236 439 4284 Odi
450 4238 590 4291 contrabitur,
597 4240 636 4299 qui
647 4254 690 4285 non
699 4240 781 4285 616166-
831 4254 873 4303 per
882 4238 921 4288 hic
928 4254 1007 4288 versus
1016 4246 1136 4301 corruptus
1144 4236 1208 4286 visus
1218 4238 1325 4287 initote

289 4310 782 4377 permitunt,Hoccttcur-posritungor
828 4315 913 4379 juvant
933 4312 1036 4362 codices.
1060 4313 1118 4363 torte
1138 4314 1194 4369 Qua
1215 4314 1260 4361 nisi
1276 4322 1327 4373 poet

290 4402 362 4433 amors
374 4384 471 4449 mitta]
489 4384 600 4434 Ostendit
614 4387 685 4451 poita
695 4386 781 4435 Noster
829 4398 919 4451 septem.
936 4397 964 4436 ut
981 4391 1034 4444 nisi,
1047 4404 1148 4453 pronon
1164 4389 1209 4435 nisi
1222 4386 1324 4451 potitum

288 4474 314 4507 se
325 4460 353 4509 rb
364 4458 537 4525 παιδεραστεῖν
547 4468 653 4509 secutum
661 4476 706 4509 non
714 4476 779 4509 esse:
829 4462 869 4510 sit.
881 4460 935 4511 vide
952 4478 1005 4526 que
1016 4462 1121 4511 Gronov.
1137 4458 1167 4509 ud
1178 4458 1230 4507 Liv.
1240 4458 1323 4508 xxxiv.

289 4544 361 4597 atque
372 4532 595 4592 idcircouonnuiiis,
606 4534 682 4599 quiin
697 4536 781 4585 litteris
831 4536 870 4585 16.
884 4536 1000 4603 producit,
1010 4535 1066 4584 licet
1083 4534 1108 4581 in
1125 4532 1266 4598 quibusdam
1281 4550 1322 4584 ex·

288 4621 373 4657 nomen
390 4606 486 4669 hubent,
503 4610 558 4659 odio
574 4624 634 4667 esse,
648 4602 739 4676 despici
755 4622 780 4661 et
830 4608 1043 4675 empiisdiversum
1051 4615 1154 4657 censeat.
1186 4606 1275 4658 Boon.
