3609 5967
417 809 488 876 ex
512 806 673 875 rouro
697 805 789 873 nm.
809 766 885 872 iu.
911 804 1057 874 uersu.
1080 810 1165 877 vu.
1252 813 1319 879 4⁷3

267 981 465 1059 Hectenus
483 981 697 1057 admonitus
715 981 871 1055 memori
889 982 1058 1057 concede
1075 994 1211 1083 poete,

220 1097 226 1110 “
318 1100 444 1175 Ponat
460 1109 502 1173 ut
518 1099 558 1172 in
575 1098 715 1173 chumis
733 1097 886 1172 nomina
903 1112 1002 1172 caro*
1009 1099 1101 1173 suis.
1152 1159 1156 1169 ,

266 1216 394 1315 Turpe
408 1217 481 1317 erit
497 1216 695 1303 ambobus,
712 1216 825 1312 longo
842 1214 935 1289 mihi
952 1216 1147 1314 proximus
1165 1240 1249 1304 usu,

319 1332 361 1405 Si
379 1332 484 1406 nullu
498 1331 585 1405 libri
602 1340 708 1430 parte
725 1331 852 1427 legare
870 1330 958 1405 mei.

269 1447 329 1522 Ne
340 1458 469 1522 temen
479 1448 552 1522 iste
563 1458 687 1522 metus
699 1448 929 1522 somnostibi
939 1471 1114 1546 rumpere
1124 1448 1256 1547 possit,
1268 1455 1317 1525 55

320 1564 408 1640 Non
425 1564 538 1651 ultra,
557 1586 673 1662 quam
690 1564 759 1652 vie,
776 1565 965 1638 officiosus
982 1588 1068 1639 ero:
1164 1580 1174 1597 ⁸

267 1678 400 1778 Teque
416 1690 556 1779 tegam,
572 1681 638 1779 qui
656 1681 720 1768 sis,
737 1679 809 1755 nisi
824 1704 942 1779 quum
960 1680 1177 1779 permiseris
1194 1680 1290 1780 ipse.

319 1796 489 1893 Cogetur
505 1821 617 1872 nemo
633 1820 771 1871 munus
788 1797 929 1871 habere
945 1820 1085 1871 meum.

267 1911 326 1985 Tu
337 1906 469 2001 inodo,
484 1937 600 2013 quem
617 1924 768 2013 poteras
786 1913 847 1988 vel
865 1922 997 2012 aperte
1013 1922 1120 1988 tutus
1137 1935 1276 2000 amare,

319 2029 360 2103 Si
379 2043 439 2105 res'
454 2041 513 2105 est
530 2056 671 2131 anceps
689 2032 774 2119 iste,
793 2031 957 2105 latenter
974 2051 1072 2103 ame.
1227 2044 1230 2050 '
1267 2032 1318 2102 60

565 2407 895 2484 EPISTOLA
929 2406 1022 2482 Vll.

699 2576 888 2660 eureis(

267 2724 417 2799 Vnnun
437 2722 530 2797 mihi
547 2723 840 2799 desunt-eadem
857 2732 937 2795 tam
954 2744 1057 2820 soepe
1074 2722 1235 2819 roganti,

316 2837 482 2937 Jamque
499 2839 619 2938 pudet
635 2862 751 2915 vanas
768 2840 844 2915 fine
862 2860 991 2913 carere
1008 2862 1155 2937 preces.

266 2952 397 3030 Taedia
414 2954 599 3029 consimili
617 2954 698 3029 fieri
716 2956 764 3030 de
782 2954 949 3030 carmine
964 2954 1084 3041 vobis,

317 3069 498 3168 Quidque
515 3080 657 3169 petam,
676 3080 835 3145 cunctos
853 3068 1055 3146 edidicisse
1072 3092 1169 3145 reor.

267 3184 304 3257 N
306 3197 409 3260 ostra
424 3186 517 3284 quid
534 3186 712 3285 adportet
724 3188 804 3285 jam
821 3184 943 3259 nostis
957 3184 1131 3284 epistola,
1142 3186 1316 3285 quumvis

317 3301 463 3377 Charta
480 3302 530 3377 sit
546 3326 570 3377 a
585 3300 721 3377 vinclis
738 3326 813 3377 non
830 3302 1019 3377 labefacta
1035 3303 1127 3376 suis.
1291 3307 1316 3377 6

267 3414 368 3514 Ergo
385 3428 553 3493 mutetur
571 3418 701 3518 scripti
720 3419 911 3493 sententia
927 3418 1057 3504 nostri,

316 3530 353 3605 N
356 3558 377 3607 e
396 3535 509 3609 toties
527 3545 671 3623 contra,
691 3558 807 3633 quem
824 3536 923 3635 rapit
940 3534 1073 3620 amnis,
1093 3556 1190 3608 eam.

265 3698 330 3753 rede,
344 3698 445 3759 judicie,
461 3696 561 3746 solemni
582 3696 765 3763 permutatione,
815 3699 877 3749 Poni
887 3696 984 3747 iumeis
992 3696 1110 3761 uersibus.

265 3770 359 3819 codices
368 3770 458 3837 scripti.
846 3774 873 3821 2.
885 3771 945 3820 Fine
958 3770 1059 3834 cerere]
1078 3770 1209 3836 Nunquam
1224 3770 1256 3821 ed
1267 3773 1317 3822 exi-

297 3843 461 3894 sermm
474 3845 565 3909 titum]
584 3843 707 3906 Quisuon
723 3860 766 3897 au·
814 3851 867 3895 tum
891 3853 917 3895 et
937 3845 1008 3894 finem
1027 3843 1135 3909 perduoi,
1155 3844 1199 3894 red
1224 3860 1317 3913 semper

265 3916 352 3968 debam
364 3916 441 3967 fecere
453 3918 597 3969 mentionem
607 3918 654 3969 mei
665 3919 767 3971 nominis
814 3917 879 3968 idern
888 3918 989 3984 proceri.

266 3991 291 4038 in
301 3990 361 4039 meis
370 3989 466 4041 hnellis.
485 4004 486 4007 ’
848 3994 872 4042 3.
884 3992 922 4041 De
936 3992 1049 4040 condendi
1061 3990 1185 4055 carmine]
1202 3990 1317 4057 munden

297 4065 337 4113 5³.
361 4064 495 4129 Andeda]
521 4066 553 4115 Et
579 4064 624 4115 tibi
647 4074 673 4115 et
698 4066 766 4118 mihi.
815 4080 908 4131 semper
918 4064 1037 4115 metent:
1055 4079 1111 4113 nem
1124 4064 1316 4114 mdemmee·

267 4137 534 4205 Proeimurmihilougc
547 4156 600 4189 um.
625 4140 650 4189 Si
665 4148 691 4191 tn
707 4141 766 4191 mihi
815 4138 1316 4205 pinsitammetutieineulemtedium

265 4211 405 4277 conjunctus
422 4210 495 4278 longe
511 4212 682 4263 consuetudine
697 4222 723 4263 et
739 4229 764 4264 e·
815 4212 900 4262 edfert.
927 4214 1007 4262 Pom.

265 4300 336 4335 moro.
371 4286 499 4339 Prummu.
515 4287 545 4336 In
563 4288 645 4337 multis
658 4296 765 4337 veterum
848 4286 872 4335 6.
899 4286 1009 4341 Quum
1030 4286 1118 4334 cuam
1144 4287 1174 4334 rit
1194 4301 1210 4333 u
1234 4286 1317 4333 morde

265 4362 385 4424 cognitm5
404 4370 532 4427 utrumque
554 4370 654 4413 rectum.
683 4362 764 4411 rinn-
816 4378 862 4409 uou
879 4359 993 4426 labefacto
1009 4359 1077 4423 mis]
1094 4358 1316 4423 Quamvie,inqnit.

265 4448 328 4483 ems.
815 4431 1314 4499 cherte,nbih1ecscriptaeunt,nondum

297 4508 339 4556 58.
360 4506 461 4573 Cogntur
481 4508 568 4572 neum]
594 4509 624 4558 In
645 4508 779 4559 neminem*
815 4507 949 4558 eitevobie
960 4508 1099 4576 recimer
1114 4504 1314 4557 minuentium-

263 4579 365 4629 invitum
392 4596 420 4630 ec
448 4591 619 4646 repugnantem
644 4582 765 4631 conferam
816 4581 972 4640 culiesolnte.

264 4668 358 4705 munus.
375 4654 455 4704 Ponr.
492 4654 579 4705 Munus
592 4656 765 4707 maneum.
787 4688 792 4701 .
821 4648 825 4654 '
849 4654 1099 4717 mmmmm
1111 4654 1203 4718 nostru]
1217 4653 1315 4706 Instim-
