3609 5967
376 726 384 735 '
444 724 511 789 lot
563 720 575 748 ''
670 723 710 788 Ρ.
734 720 897 788 OVIDII
921 719 1149 800 NASONIS,
1173 718 1275 790 E‘rc.

447 896 518 971 Ille
535 919 620 971 meo
637 919 768 972 vereor
784 919 834 970 nc
850 903 982 994 speret
998 893 1183 993 sauguine
1200 898 1391 995 praedam3

498 1010 593 1086 Hoec
609 1011 763 1087 titulum
780 1020 919 1086 nostrae
937 1011 1068 1091 mortis
1085 1011 1226 1087 habe're
1243 1013 1349 1088 velit.
1450 1020 1501 1090 30

447 1126 617 1203 Barbara
633 1152 722 1227 pars
739 1130 835 1202 laeva
851 1138 923 1215 est,
942 1128 1061 1203 avidoe
1079 1128 1277 1204 succincta
1293 1131 1447 1231 rapinae,

497 1243 622 1330 Quam
639 1267 761 1331 cruor,
776 1254 816 1318 et
832 1244 970 1330 caedes,
986 1243 1164 1342 bellaque
1181 1269 1332 1344 semper
1344 1247 1497 1322 babent.

449 1359 655 1458 Quumque
672 1360 722 1433 sit
739 1358 907 1433 bibernis
925 1358 1110 1455 agitatum
1127 1360 1305 1437 fluctibus
1323 1387 1476 1461 equor,-

498 1474 662 1550 Pectora
677 1484 767 1548 sunt
783 1472 867 1573 ipso
884 1474 1094 1549 turbidiora
1111 1478 1218 1550 mari.

447 1590 533 1676 Quo
547 1590 667 1687 magis
681 1589 740 1663 bis
757 1589 876 1664 debes
889 1589 1099 1686 ignoscere,
1114 1593 1276 1669 candide
1289 1593 1420 1680 lector,
1448 1597 1497 1667 36

499 1706 542 1779 Si
560 1730 628 1804 spe
646 1715 747 1792 sunt,
766 1716 809 1781 ut
825 1716 926 1794 sunt,
945 1705 1121 1782 inferiora
1137 1718 1215 1784 tua.

365 1828 367 1833 '
447 1821 536 1896 Non
551 1821 632 1896 baec
646 1822 684 1896 in
701 1822 852 1909 nostris,
867 1832 911 1896 ut
924 1822 1131 1921 quondam,
1146 1824 1346 1899 scribimus
1359 1822 1495 1898 hortis:

498 1936 535 2011 N
538 1962 595 2026 ec,
615 1949 809 2025 consuete,
828 1961 968 2025 meum,
987 1925 1140 2029 lectule
1160 1964 1298 2039 corpus
1315 1940 1447 2015 babes.

356 2046 359 2051 ’
445 2052 469 2127 J
472 2063 576 2129 actor
592 2055 631 2128 in
648 2054 845 2143 indomito,
864 2055 1026 2130 brumali
1042 2057 1141 2146 luce,
1159 2056 1367 2157 profund03

498 2169 666 2270 Ipsaque
683 2170 854 2246 caeruleis
872 2170 1005 2246 charta
1021 2171 1151 2247 seritur
1169 2174 1293 2272 aquis,
1433 2176 1516 2245 ·40·

405 2270 410 2280 ’
446 2284 626 2385 Improba
635 2299 780 2387 pugnat
788 2288 936 2387 hyeme,
948 2288 1254 2387 indignaturque,
1262 2289 1366 2388 quod
1376 2287 1497 2365 ausim

499 2400 687 2490 Scribere,
706 2428 748 2477 se
766 2404 908 2500 rigidas
925 2404 1134 2480 incutiente
1150 2405 1286 2480 minan.

445 2515 584 2591 Vincat
617 2518 751 2618 hyems
784 2519 999 2611 hominem;
1042 2521 1111 2595 sed
1142 2522 1277 2597 eodem
1311 2530 1493 2619 ternpore,

496 2630 589 2732 lpse'
599 2636 753 2709 modum
768 2646 935 2712 statuam
947 2637 1137 2726 carminis,
1151 2637 1217 2711 illa
1230 2638 1301 2712 sui.
1334 2639 1494 2734 [quasa

477 2849 518 2898 31.
540 2849 646 2899 Barbam
661 2867 717 2914 pure
736 2852 793 2901 icoo
814 2854 869 2918 ert]
895 2854 947 2903 De·
1029 2852 1333 2916 beataemariae]
1353 2852 1497 2915 Situm,

443 2922 641 2988 rigueti'nreeire
655 2925 720 2983 iitue,
732 2925 798 2994 quod
811 2928 889 2977 Ponto
903 2926 947 2977 ed·
996 2936 1024 2975 ut
1039 2936 1102 2983 mut,
1112 2926 1238 2987 meliorae3
1254 2932 1280 2974 et
1294 2942 1350 2976 mox
1369 2929 1497 2990 wripuim

444 2996 535 3049 luitur:
553 2997 618 3065 quod
634 2998 718 3048 ecribit
732 2998 817 3050 Strabo
826 3000 946 3051 decertum
996 3016 1039 3067 pro
1049 3003 1174 3050 mihimet
1191 3000 1270 3049 Puto:

443 3085 507 3128 eree,
521 3078 652 3137 petrocum,
668 3071 849 3139 importuoeurn.
873 3075 946 3124 Mra.
1029 3074 1175 3137 stuperent,
1186 3074 1425 3140 uterentirrferioro
1436 3084 1495 3133 τως

372 3153 379 3162 “
443 3148 524 3199 Avida
547 3148 679 3197 ambone
700 3150 798 3210 rapine.
838 3149 946 3215 Uterque
996 3148 1097 3198 infruiv.
1110 3151 1132 3199 1.
1142 3150 1235 3198 veel:

443 3219 570 3269 Peterinue
594 3220 712 3286 multique
737 3220 787 3279 elii,
811 3224 945 3283 roborum
1028 3223 1110 3287 Siqua
1120 3223 1497 3288 misserrirrt‚eteruat,oitr'oea

443 3293 513 3358 prim.
530 3294 611 3344 Vatia.
629 3307 702 3360 atque
721 3303 812 3360 reptem
830 3305 947 3361 proterea
1061 3297 1152 3345 traua
1373 3295 1464 3345 liure.

443 3369 579 3425 marom
596 3367 697 3417 totidem
714 3372 823 3431 abjecto,
841 3378 869 3421 ut
885 3370 946 3419 sorte
1029 3370 1070 3418 38.
1089 3368 1147 3426 Nec,
1167 3378 1280 3426 mmor,
1300 3386 1383 3425 meum,
1404 3370 1494 3427 herote,

443 3440 475 3490 eit
495 3440 646 3490 rcribendum
666 3446 782 3506 nomme
800 3446 886 3508 oh‘eetu
907 3463 946 3494 ro·
995 3460 1077 3507 eorum
1100 3443 1185 3507 hom]
1213 3442 1314 3508 Antiqui
1339 3442 1497 3502 meditationi,

443 3513 694 3577 pinendenam
716 3516 806 3566 Herus.
827 3518 946 3569 Voeeiaoe
997 3517 1169 3583 eutrcriptioni
1180 3533 1276 3584 opernm
1286 3516 1373 3576 deturi,
1384 3517 1410 3565 in
1419 3516 1496 3566 iectu-

444 3587 653 3653 excerptebebent
662 3590 734 3639 auda
744 3593 870 3647 maneto,
880 3593 946 3657 quod
996 3592 1026 3642 lie
1036 3592 1086 3642 ruia
1095 3591 1263 3642 lucubratoriis
1272 3607 1298 3641 ee
1309 3592 1494 3657 componebant.

444 3660 548 3711 maxime
569 3663 664 3728 pieoet;
687 3665 805 3712 accincto
826 3665 890 3714 enirn
909 3674 947 3716 eet
1029 3667 1071 3714 44.
1089 3665 1186 3714 Modum
1195 3665 1324 3729 amiate]
1344 3664 1496 3714 Pinernecri·

444 3744 707 3803 properataprompte
717 3737 749 3787 ed
759 3737 854 3802 predae
870 3754 943 3805 egen·
994 3739 1079 3790 bendi.
1107 3739 1158 3788 Itta
1172 3742 1218 3789 nai.
1242 3738 1290 3789 Ille
1308 3740 1391 3805 hyeme
1408 3747 1497 3790 stetim

445 3806 498 3858 der.
531 3808 622 3859 Brun.
997 3813 1093 3864 modum
1103 3813 1149 3873 eui,
1160 3813 1186 3864 id
1195 3822 1240 3871 aet,
1252 3813 1346 3865 desinet
1355 3814 1447 3864 scrire.
