3609 5967
415 1179 633 1257 PUBLII
680 1177 887 1255 OVIDII
933 1176 1204 1252 NASONIS

642 1465 977 1558 TRISTIUM

598 1736 752 1803 mm
784 1736 1029 1812 QUARTUS.

713 2040 911 2095 -ψ-

683 2294 809 2351 meu
825 2293 948 2345 PRIMA.

289 2537 335 2617 Sr
356 2561 434 2637 qua
451 2536 546 2612 meis
562 2534 714 2626 fuerint,
734 2545 778 2613 ut
795 2547 919 2625 erunt,
934 2536 1071 2617 vitiosa
1088 2536 1239 2628 libellis,

339 2653 536 2731 Excusata
552 2675 621 2729 suo
638 2662 824 2755 tempore,
842 2652 974 2742 lector,
993 2653 1114 2727 habe:

289 2769 410 2844 Exsul
428 2791 543 2857 eram,
555 2766 784 2867 requiesque
801 2767 906 2855 mihi,
917 2791 994 2843 nou
1010 2767 1112 2842 fama
1125 2769 1245 2867 petita
1257 2781 1337 2863 est;

339 2884 452 2983 Mens
470 2884 617 2960 intenta
633 2884 712 2959 suis
729 2907 779 2959 ne
795 2883 891 2959 foret
909 2907 1032 2982 usque
1050 2883 1172 2959 malis.

289 2999 375 3079 Hoc
389 3011 461 3089 est,
472 3025 540 3079 eur
550 3010 680 3077 cantet
688 3001 836 3077 vinetus
847 3023 1002 3099 quoque
1012 3000 1200 3100 compede
1209 3001 1342 3091 fossor,

341 3117 674 3196 Indociliuumero
691 3141 809 3217 quum
826 3139 941 3213 grave
959 3115 1081 3190 mollit
1097 3140 1216 3216 opus:
1320 3123 1344 3194 6

291 3234 432 3309 Cantet
448 3245 500 3321 et,
520 3232 684 3308 innitens
702 3234 846 3308 limosae
864 3256 1007 3331 pronus
1024 3256 1160 3320 arenae,
1270 3266 1274 3271 ’
1354 3320 1358 3331 „

338 3348 509 3424 Adverso
526 3350 673 3425 tardam
691 3350 757 3449 qui
775 3349 893 3424 trahit
910 3373 1022 3423 amne
1039 3357 1180 3425 ratem:

291 3463 442 3563 Quique
458 3464 583 3540 ferens
602 3463 742 3571 pariter
759 3465 884 3539 lentos
902 3464 952 3540 ad
970 3474 1125 3564 pectora
1138 3489 1275 3555 remos,

342 3578 388 3654 In
404 3604 601 3655 numerum
619 3582 730 3681 pulsa
746 3582 902 3656 brachia
918 3592 1044 3657 versat
1060 3590 1172 3679 aqua.
1251 3644 1252 3647 ,
1297 3590 1342 3659 10

290 3694 431 3771 Fessus
449 3706 491 3771 ut
507 3696 681 3772 incubuit
698 3698 848 3786 hasale,
868 3722 1009 3774 saxove
1029 3698 1170 3773 resedit
1201 3706 1203 3711 ’

341 3809 491 3900 Pastor,
510 3812 719 3887 arundineo
737 3814 905 3889 carmine
923 3814 1066 3888 mulcet
1082 3837 1184 3888 oves.

294 3927 495 4004 Cantantis
513 3928 664 4029 pariter,
684 3931 824 4030 pariter
837 3931 928 4006 data
944 3953 1066 4030 pensa
1082 3929 1265 4008 trahentis

343 4042 502 4121 Fallitur
518 4045 665 4122 ancillae
682 4048 948 4148 decipiturque
966 4047 1083 4122 labor.

326 4314 350 4363 ⁷.
368 4313 475 4378 Cum]
502 4314 587 4365 &ntor
608 4331 664 4366 eure
687 4316 794 4383 reflatis:
847 4317 997 4369 ritheevoc.
1015 4323 1041 4366 ut
1057 4315 1145 4382 equali
1159 4314 1241 4365 ordine
1254 4322 1349 4364 nunaut

293 4386 608 4453 prometiaidexigunt.
640 4389 732 4441 Hune.
848 4390 995 4456 remiquod
1011 4386 1349 4445 &emamanue-

326 4462 352 4513 9.
370 4459 476 4526 Fm]
495 4462 566 4517 uam
575 4456 798 4529 Micyuieniendt·
846 4465 1029 4516 lemmfiebet.
1063 4464 1178 4513 Hirrus.

238 4602 242 4608 ‘
294 4533 730 4604 uomrmripdtumm.qu0d
743 4553 797 4588 sen·
881 4540 921 4589 la
944 4539 1079 4589 Arundiw
1099 4533 1222 4598 carmine]
1245 4534 1348 4603 'fulua

293 4620 334 4657 sus
344 4607 415 4658 aliter
425 4623 473 4659 rm
482 4619 583 4669 sumtu,
589 4620 614 4662 et
619 4614 709 4676 pariter
718 4609 797 4676 requi·
848 4620 929 4662 cautu.
