3609 5967
491 710 558 787 '4oe
790 717 829 781 Ρ.
853 714 1016 783 ovum
1040 714 1254 782 NASONIS

498 893 688 991 Legimus,
708 917 731 967 o
743 892 894 991 juvenis
909 888 1021 989 patrii
1039 914 1115 965 non
1132 890 1300 987 degener
1315 892 1404 977 oris,

548 1009 663 1085 Dicta
675 1008 744 1085 tibi
763 1008 876 1108 pleno
893 1008 1010 1082 verbo
1024 1005 1170 1081 diserta
1184 1005 1276 1083 foro.
1521 1014 1546 1081 8

498 1125 605 1214 Ques,
624 1149 842 1224 quanquam
863 1124 995 1221 lingua
1013 1122 1106 1199 mihi
1128 1134 1218 1197 sunt
1237 1133 1460 1222 properante
1477 1147 1548 1222 per

547 1240 664 1317 Lecta
679 1243 771 1317 satis
789 1242 942 1328 multas,
957 1263 1082 1339 pauca
1096 1239 1215 1315 fuisse
1231 1263 1383 1337 queror.
1418 1241 1545 1335 [horas

497 1356 614 1432 Plura
629 1358 698 1434 sed
715 1358 797 1431 haec
814 1354 887 1433 feei
905 1355 1108 1453 relegendo
1125 1380 1247 1455 soepe3
1273 1380 1344 1435 noc
1361 1380 1525 1453 unquam

547 1473 642 1548 Haec
660 1473 765 1559 mihi,
785 1496 900 1571 quem
918 1472 1053 1571 primo,
1073 1482 1181 1569 grata
1195 1471 1301 1547 luere
1317 1472 1451 1569 magis.

498 1588 703 1687 Quumque
721 1587 813 1665 nihil
831 1588 946 1663 toties
963 1588 1104 1663 lectae
1121 1588 1323 1663 dulcedine
1340 1590 1510 1688 perdant,

546 1703 700 1779 Viribus
718 1704 783 1779 ille
800 1704 892 1791 suis,
912 1727 989 1777 non
1005 1703 1184 1790 novitate,
1204 1704 1370 1803 placent.
1538 1690 1544 1695 ’

497 1819 657 1907 Felices,
676 1819 814 1918 quibus
832 1819 913 1893 haec
932 1818 1016 1919 ipso
1034 1842 1264 1915 cognoscere
1282 1819 1321 1893 in
1338 1828 1438 1905 actu,
1498 1823 1544 1893 15

548 1936 599 2011 Et
615 1948 693 2011 tum
710 1935 873 2009 secundo
891 1936 1050 2033 contigit
1068 1960 1133 2010 ore
1149 1934 1241 2009 frui!

496 2050 533 2125 N
536 2076 609 2141 am,
626 2074 846 2151 quanquam
865 2075 976 2150 sapor
995 2063 1054 2126 est
1071 2052 1200 2126 adlata
1216 2050 1339 2126 dulcis
1357 2052 1396 2125 in
1415 2052 1524 2139 unda,

546 2168 702 2242 Gratius
719 2192 769 2243 ex
787 2168 870 2266 ipso
888 2167 992 2243 sonte
1009 2167 1191 2243 bibuntur
1204 2192 1335 2268 uquae:

496 2282 548 2359 Et
564 2284 686 2382 magis
703 2285 870 2359 adducto
887 2308 1042 2383 pomum
1059 2285 1265 2383 decerpere
1282 2307 1399 2371 ramo,

546 2399 670 2486 Quam
688 2400 737 2476 de
754 2403 889 2475 celata
905 2425 1055 2477 sumere
1072 2402 1194 2488 lance,
1208 2404 1329 2500 juvat.
1493 2406 1542 2472 20

494 2516 548 2591 At
563 2517 636 2591 uisi
654 2540 887 2617 peccassem,
907 2518 980 2591 nisi
998 2540 1060 2594 me
1077 2542 1164 2593 mea
1180 2517 1296 2593 Musa
1311 2517 1493 2615 fugasset,

545 2630 657 2717 Quod
676 2633 764 2730 legi,
783 2644 851 2707 tua
868 2658 942 2707 vox
959 2634 1199 2709 exhibuisset
1214 2658 1326 2733 opus.

497 2746 627 2847 thue
644 2749 697 2823 sui
716 2750 862 2839 solitus,
882 2750 1068 2827 sedissem
1086 2750 1241 2825 forsitan
1255 2774 1353 2826 unus

545 2863 605 2939 De
620 2877 773 2940 centum
787 2866 909 2964 Judex
926 2866 965 2941 iu
982 2876 1049 2942 tua
1064 2867 1181 2942 verba
1196 2866 1299 2941 viris.

492 3068 556 3127 lidis,
567 3066 715 3125 barberina
725 3068 836 3135 impexis.
854 3068 926 3117 Mus.
949 3069 997 3119 Vel
1047 3068 1162 3118 ltlcsmna
1179 3083 1309 3133 cognomen
1328 3066 1439 3118 umus
1456 3067 1546 3133 primns

493 3144 682 3209 potiushimtos
692 3140 798 3191 nominet
814 3152 909 3207 propter
922 3144 998 3209 pelles
1046 3142 1159 3192 adscivit.
1204 3142 1261 3191 Huc
1287 3150 1313 3190 et
1337 3141 1399 3190 reses
1422 3141 1544 3190 Valerium

493 3216 606 3274 hirsutus.
624 3218 711 3283 quibus
730 3232 755 3267 ss
777 3216 891 3267 adversus
910 3217 1005 3285 frigora⁸
1047 3216 1181 3265 Maximum
1191 3215 1339 3281 scriptorem,
1351 3214 1420 3280 cujus
1431 3215 1545 3263 nonnulla

491 3290 534 3341 illo
546 3293 592 3342 snb
605 3292 668 3341 coelo
681 3307 749 3359 pune
763 3302 996 3359 perpetnscommu·
1046 3290 1177 3341 etiamnum
1188 3297 1291 3339 exstent
1318 3290 1408 3337 limus.

493 3365 570 3415 niem
584 3366 663 3417 Pour.
683 3366 782 3415 Maxime
792 3367 868 3417 Collo.
883 3366 996 3427 Masim
1079 3366 1104 3414 7.
1118 3367 1240 3429 Ojuosssis
1253 3384 1298 3413 riou
1308 3364 1427 3430 degente]
1440 3363 1462 3413 0
1473 3364 1545 3414 Cottu

493 3446 518 3490 st
535 3438 569 3489 sic
582 3438 651 3489 initio
667 3439 780 3505 Epistolre
798 3441 899 3491 Masinis
914 3441 993 3491 Corte.
1045 3440 1163 3499 Muime,
1181 3440 1222 3505 qui
1243 3455 1290 3489 non
1309 3436 1440 3504 degeneras
1457 3454 1472 3487 s
1489 3439 1545 3489 tuis.

492 3515 540 3565 Hic
561 3512 673 3565 Messala
689 3512 786 3563 Corvini
802 3512 868 3565 illius
888 3515 994 3565 disertis-
1045 3515 1098 3563 Oris
1106 3517 1188 3577 patris
1205 3512 1354 3578 Eloquentia
1364 3512 1438 3579 putris
1446 3513 1490 3570 tui,
1501 3513 1543 3579 qui

491 3588 545 3637 simi
567 3587 639 3645 lilius,
661 3586 796 3637 Messallini
817 3588 897 3645 trater.
916 3590 994 3639 Cotta
1043 3589 1206 3638 fuitmmmus
1214 3599 1299 3638 orator.
1321 3588 1370 3637 Vel
1380 3588 1543 3654 faciepstrem

492 3676 577 3711 nomen
590 3670 713 3712 mutuatus
726 3671 764 3713 est
778 3662 809 3713 ub
819 3661 926 3711 Aureliis
943 3662 994 3713 svis
1044 3670 1111 3712 tuum
1121 3663 1232 3714 reterens.
1255 3663 1364 3711 Mes-et
1374 3661 1452 3711 Posr.

492 3735 613 3793 maternis,
631 3744 658 3783 ut
674 3734 787 3787 discimus
808 3753 837 3787 es
854 3736 939 3801 Elegit
955 3737 993 3786 ul·
1075 3738 1101 3785 ll.
1122 3736 1195 3787 Dicto
1212 3737 1280 3798 pleno
1290 3734 1369 3802 soro]
1389 3735 1480 3785 Habitu
1497 3736 1545 3785 fre-

491 3806 560 3863 timu,
572 3808 642 3857 Pout.
656 3807 701 3858 lib.
715 3810 747 3859 iv.
760 3825 808 3859 ver.
819 3812 860 3859 4³.
877 3810 902 3859 in
920 3826 993 3875 quam
1043 3809 1127 3874 quenti
1143 3811 1223 3867 turbs,
1233 3825 1288 3874 qun
1306 3817 1357 3859 emt
1374 3808 1401 3857 in
1416 3808 1465 3858 loro
1476 3810 1543 3875 judi·

490 3888 587 3945 gentem
605 3880 731 3945 sdoptione
748 3882 905 3943 trsusivemt;
928 3884 993 3947 quod
1043 3882 1108 3931 ciali.

490 3968 563 4020 supm
578 3952 680 4005 vidimus
697 3956 741 4005 sub
758 3955 829 4005 finem
844 3956 935 4023 Elegio
952 3974 992 4007 se·
1079 3956 1306 4021 lohusepsucn]
1317 3955 1542 4007 Vrssmluisseesm

491 4025 576 4079 cundo
593 4026 663 4092 hujus
677 4026 740 4077 hlrri.
775 4028 894 4079 Mssimos
912 4038 993 4081 sutem
1043 4030 1173 4081 orationem
1191 4032 1296 4088 brevem,
1314 4038 1410 4097 propter
1426 4031 1478 4095 eius
1493 4031 1543 4081 ele·

491 4102 567 4151 dictos
586 4115 615 4150 ex
635 4100 734 4151 veleris
755 4101 845 4151 semilis
866 4103 992 4169 quosdam,
1042 4104 1275 4170 gentiemetsunre
1288 4102 1385 4153 dicendi
1393 4119 1477 4169 genus.

491 4174 691 4242 quemsdmodum
698 4174 990 4235 Messnlu,Fleccos,Po
1075 4181 1116 4229 20.
1128 4178 1206 4234 Qus
1220 4182 1249 4229 ds
1261 4180 1327 4228 tusa
1340 4179 1444 4243 eatam]
1462 4181 1542 4238 Quzm

490 4249 600 4316 plicolus,
610 4248 720 4309 Volusius,
731 4248 840 4298 Cntullos
855 4258 880 4299 et
888 4248 991 4298 Aciscu·
1041 4250 1072 4301 de
1083 4252 1165 4318 eliqua
1176 4252 1268 4319 pedus,
1276 4262 1301 4303 et
1311 4268 1367 4303 vsse
1377 4253 1478 4320 sculpto.

489 4322 534 4381 los,
555 4332 646 4374 certum
666 4331 710 4373 est.
746 4324 810 4373 Num
829 4324 894 4375 bello
915 4323 991 4390 primo
1073 4328 1116 4376 Ὦ.
1131 4325 1182 4374 Tuo
1192 4326 1255 4390 oos.]
1267 4326 1321 4375 Tus
1329 4326 1446 4376 recitstio.
1462 4326 1542 4377 uulso

491 4397 592 4457 Punico,
604 4398 649 4449 sub
665 4414 755 4448 sunum
772 4399 805 4449 U.
818 4398 848 4449 C.
864 4416 938 4449 cnxc.
951 4400 991 4449 Μ.
1041 4398 1118 4465 megi:
1135 4400 1200 4449 enim
1215 4400 1328 4450 virerox
1348 4400 1437 4449 sdticit.
1470 4400 1540 4449 ssu-

491 4471 602 4521 Vslerius
618 4473 742 4523 Maximus
760 4489 815 4523 cum
830 4474 868 4523 M.
885 4471 991 4523 otacilio
1041 4474 1131 4523 tumn.
1147 4475 1201 4524 Hoc
1218 4482 1263 4531 est,
1278 4474 1492 4533 audivissemus
1506 4474 1542 4523 le·

491 4544 578 4595 Crasso
592 4546 674 4597 consul
685 4546 830 4612 perhibetur,
841 4548 886 4615 qui
893 4547 991 4597 devicu
1017 4612 1021 4617 ι
1041 4544 1128 4610 gissem
1139 4547 1269 4599 ontionem
1280 4557 1355 4597 tunm.
