3609 5967
463 796 696 869 rnrsrrun
721 794 813 865 nm.
832 794 907 893 ιιι.
933 794 1071 864 nuno.
1096 799 1158 863 1v.
1218 768 1225 775 “
1276 799 1341 864 ssi

284 974 337 1048 At
353 975 422 1050 tibi
440 976 505 1073 qui
523 974 674 1061 transis,
694 997 742 1047 ne
759 972 810 1046 sit
825 995 951 1070 grave,
971 971 1148 1069 quisquis
1164 974 1311 1059 amasti,

336 1090 495 1166 Dicere:
526 1090 691 1165 Nasonis
711 1089 874 1173 molliter
891 1110 980 1193 ossa
996 1087 1150 1161 cubent.
1296 1092 1344 1162 76

285 1206 369 1280 Hoc
386 1207 479 1281 satis
497 1206 535 1279 in
552 1206 663 1281 titulo
681 1215 763 1294 est;
794 1203 937 1278 etenim
955 1204 1100 1301 majora
1116 1204 1248 1290 libelli,

336 1321 388 1395 Et
403 1323 583 1397 diuturna
598 1320 720 1418 magis
738 1327 828 1393 sunt
844 1328 1090 1393 monumenta
1106 1318 1203 1393 mei:

286 1436 392 1521 Quos
409 1461 482 1535 ego
499 1437 664 1523 confido,
683 1434 857 1534 quamvis
873 1457 1050 1522 nocuere,
1067 1436 1223 1509 daturos

337 1553 502 1642 Nomen,
520 1565 562 1628 ct
578 1552 723 1629 auctori
740 1563 913 1651 tempora
929 1552 1041 1648 longa
1057 1577 1137 1626 suo.
1297 1557 1345 1625 80

284 1669 343 1743 'l'u
362 1669 703 1744 tamencxstincto
720 1666 852 1742 feralia
868 1690 1026 1742 munera
1042 1666 1148 1755 serto,

336 1785 477 1884 Deque
493 1786 568 1860 tuis
585 1784 764 1884 lacrymis
782 1784 939 1858 humida
956 1794 1058 1859 serta
1075 1785 1177 1859 dato.
1233 1883 1235 1887 y
1291 1794 1297 1807 ’

284 1899 468 1985 Quamvis
486 1902 523 1974 in
540 1902 707 1975 cinerem
724 1923 863 1999 corpus
877 1900 1078 1975 mutaverit
1095 1901 1205 1998 ignis,

337 2016 486 2091 Sentiet
502 2017 666 2091 officium
683 2025 820 2090 moesta
835 2015 962 2091 favilla
978 2014 1097 2115 pium.

287 2131 460 2207 Scribere
478 2134 587 2232 pluro
603 2134 718 2207 libet:
749 2132 817 2207 sed
835 2156 910 2207 vox
928 2132 1020 2206 mihi
1037 2132 1138 2208 sessa
1154 2130 1344 2231 loquendo

337 2248 518 2324 Dictandi
534 2250 645 2335 vires,
665 2249 845 2347 siccaque
861 2249 1005 2346 lingua,
1025 2260 1151 2347 negat.
1294 2255 1342 2324 86

288 2363 429 2463 Accipe
447 2390 624 2465 supremo
641 2366 786 2439 dictum
804 2366 897 2440 mihi
915 2366 1072 2441 forsitan
1090 2391 1166 2454 ore,
1263 2352 1265 2356 ¹
1435 2363 1438 2371 ’

336 2479 462 2566 Quod,
480 2481 548 2555 su
567 2480 633 2578 qui
650 2480 781 2566 munt,
801 2504 875 2555 non
894 2481 1010 2555 nabet
1026 2463 1122 2579 ipse,
1139 2484 1234 2557 vare.

533 2892 538 2901 ’
619 2900 877 2978 ἘΒΕΕΙΑ
915 2902 988 2976 IV.

288 3072 323 3146 O
353 3096 458 3148 urm
477 3098 564 3149 care
582 3075 737 3173 quidem
756 3101 919 3175 semper,
939 3077 1008 3151 sed
1026 3088 1196 3174 tempore
1214 3076 1308 3149 duro

338 3189 514 3287 Cognite,
534 3213 594 3264 res
611 3202 817 3291 postquam
835 3193 1073 3291 procubuere
1090 3216 1206 3281 meae3

289 3302 431 3379 Usibus
449 3305 585 3381 edocto
603 3308 635 3381 si
654 3308 864 3408 quidquam
882 3308 1007 3384 credis
1025 3308 1159 3395 amico,

337 3419 432 3496 Vive
449 3422 531 3510 tibi,
551 3433 591 3498 et
607 3427 719 3524 longe
736 3427 890 3502 nomina
906 3450 1044 3524 magna
1060 3425 1160 3522 suge.

287 3532 380 3611 Vive
398 3537 480 3626 tibi,
499 3551 763 3639 quantumque
780 3554 891 3642 potes
909 3540 1119 3641 praelustria
1135 3540 1233 3617 vita:
1319 3546 1341 3614 5

339 3652 489 3727 Saevum
507 3654 695 3753 praelustri
713 3657 856 3734 fulmen
874 3659 923 3733 ab
941 3681 1026 3733 arce
1042 3655 1158 3732 venit.

319 3822 362 3870 76.
380 3822 657 3890 montarcume]
675 3825 791 3894 Incippis
873 3831 915 3878 82.
938 3829 1018 3893 Deque
1037 3830 1083 3877 tuis
1104 3827 1233 3892 lacrymo]
1264 3826 1345 3892 Magis

287 3890 483 3947 inscribebantur
498 3898 536 3948 hro
556 3899 641 3950 littero
659 3901 790 3952 S.T.T.L.
841 3904 989 3954 Ouidianum
1006 3902 1096 3961 etit,si
1118 3902 1186 3966 legas
1204 3902 1282 3965 Doque
1298 3905 1345 3951 suit

287 3969 318 4019 uit
327 3969 370 4019 nbi
381 3978 444 4019 tem
453 3970 523 4022 levis.
841 3979 967 4043 lacryma
989 3977 1044 4027 vide
1061 3987 1141 4026 notam
1160 3977 1191 4025 cd
1208 3976 1286 4043 Epist.
1304 3993 1344 4025 xx.

319 4045 361 4095 77.
379 4044 531 4095 Ηωωείείη
545 4049 634 4096 tumulo
643 4048 696 4114 cst]
715 4048 789 4099 luri·
842 4067 891 4100 ver.
907 4051 947 4100 76.
986 4051 1025 4100 Dc
1042 4049 1139 4100 floribus
1154 4049 1242 4115 quibus
1259 4050 1351 4098 tumuli·

288 4119 337 4166 tulo
355 4129 388 4167 ert
406 4120 477 4186 prim.
495 4120 567 4170 Polit.
587 4129 613 4170 et
629 4121 713 4173 decern
732 4123 791 4184 ulii3
841 4133 1060 4191 conspergerentur,
1071 4123 1207 4180 etcoronis,
1218 4122 1345 4172 sivcscrtis

288 4200 367 4254 κοίη
383 4194 506 4261 ηἰιίφιοά
519 4194 745 4248 molimintitulor:
762 4198 793 4248 ti·
842 4197 931 4265 quibus
958 4207 1106 4256 ornarentur,
1131 4196 1196 4245 Plio.
1224 4195 1267 4245 lib.
1296 4194 1345 4244 xri.

288 4266 367 4316 tulum
377 4268 634 4335 scpulcralcminnuit.
668 4272 760 4323 Herus.
843 4272 933 4338 cupa.

321 4341 362 4390 tl.
375 4342 469 4393 Feralia
477 4345 594 4409 maworn]
613 4344 715 4396 luterio
725 4346 793 4397 dicil.

289 4414 416 4472 Quoinorlo
434 4427 515 4467 autem
531 4417 621 4469 inierim
636 4421 736 4470 mortuis
752 4421 794 4470 lio·
875 4416 968 4468 &Viuo
978 4417 1041 4480 rut]
1055 4415 1146 4463 Tecum
1154 4410 1244 4461 habita·
1272 4412 1344 4463 Mu·

289 4496 352 4544 tent.
363 4496 387 4537 el
397 4492 514 4556 quomodo
527 4491 552 4542 in
566 4492 604 4542 bis
619 4502 742 4545 uterentur
752 4511 793 4545 co·
843 4491 934 4540 -Vinc
954 4494 1002 4542 tibi.
1030 4486 1125 4537 Flami
1147 4493 1183 4533 ⁸⁸²
1203 4485 1235 4533 Τὰ
1257 4484 1345 4536 ἷαυτθῦ

292 4561 365 4620 mnis,
375 4562 444 4614 docnt
454 4565 565 4626 Ovidius,
573 4566 615 4616 lib.
625 4566 652 4617 ii.
661 4568 793 4617 Fastorum.
845 4561 979 4630 arpinum
996 4562 1050 4611 ride
1068 4558 1184 4625 srephan.
1198 4557 1345 4610 Selenium.

298 4635 372 4685 Mun.
844 4638 887 4686 lib.
909 4636 928 4684 i.
951 4652 1006 4701 cup.
1027 4636 1051 4683 2.
1084 4633 1187 4682 Jubetur
1205 4641 1284 4682 tutem
1303 4650 1346 4684 sua

902 4714 958 4772 Ql
