3609 5967
473 772 541 841 226
766 771 805 835 Ρ.
830 765 993 835 OVIDII
1017 765 1231 833 NASONIS

405 954 414 961 “
476 944 713 1044 Suffeoitque
729 942 838 1019 malis
856 941 1025 1031 animus;
1055 963 1142 1014 narn
1160 964 1299 1040 corpus
1317 943 1366 1016 ab
1385 943 1447 1019 illo

524 1063 686 1161 Accepit
702 1063 813 1147 vires,
831 1061 973 1157 vixque
991 1058 1147 1133 ferenda
1163 1058 1261 1133 tulit.

474 1179 577 1252 Dum
593 1190 721 1253 tamen
738 1188 778 1252 et
786 1176 910 1252 ventis
926 1175 1066 1250 dubius
1079 1175 1253 1272 jactabar
1267 1186 1306 1250 et
1323 1176 1447 1264 undis,
1478 1181 1523 1250 15

468 1354 471 1361 .
524 1295 696 1371 Fallebnt
712 1319 823 1371 curas
839 1317 1018 1392 aegraque
1035 1292 1151 1366 corda
1167 1292 1283 1367 labor.

475 1411 529 1487 Ut
543 1413 604 1488 via
620 1411 726 1486 finita
743 1420 814 1498 est,
834 1421 873 1486 et
889 1435 986 1509 opus
1004 1408 1190 1508 requievit
1206 1409 1332 1496 eundi,

523 1527 574 1601 Et
591 1552 712 1626 poenee
730 1528 844 1601 tellus
860 1534 922 1600 est
939 1525 1029 1599 mihi
1047 1534 1151 1599 tacta
1168 1549 1285 1614 meae;

473 1642 536 1715 Nil
555 1644 627 1717 nisi
645 1645 735 1719 flere
749 1643 854 1729 libet,
874 1665 944 1715 nec
963 1652 1092 1715 nostro
1111 1641 1258 1740 parcior
1274 1642 1395 1716 imber

500 1780 510 1791 ·’
523 1756 693 1847 Lumine,
712 1761 762 1834 de
778 1783 894 1834 verna
911 1782 1026 1857 quam
1044 1759 1130 1833 nive
1147 1769 1276 1832 manat
1294 1782 1406 1857 aqua.
1473 1758 1523 1832 20

472 1876 596 1950 Roma
611 1876 824 1974 domusque
842 1874 957 1963 subit,
976 1874 1284 1973 desideriumque
1301 1877 1482 1963 locorum,

520 1990 717 2090 Quidquid
734 2003 775 2065 et
791 1991 930 2066 amissa
947 1992 1121 2066 restat-in
1139 1992 1232 2067 urbe
1248 1991 1335 2066 mei.

470 2108 555 2182 Heu
573 2108 677 2194 milri,
696 2107 799 2205 quod
817 2107 935 2181 nostri
953 2108 1065 2182 toties
1083 2107 1234 2206 pulsata
1250 2108 1414 2206 sepulcri

519 2223 543 2296 J
546 2246 656 2310 anua,
676 2224 746 2298 sed
763 2223 864 2297 nullo
883 2232 1054 2322 tempore
1072 2234 1205 2322 aperta
1220 2222 1309 2297 fuiti

471 2340 639 2437 Curego
657 2348 716 2414 tot
732 2341 878 2437 gladios
895 2340 988 2437 fugi,
1007 2340 1197 2438 totiesque
1215 2340 1368 2424 minata,
1472 2345 1520 2413 25

522 2456 661 2530 Obruit
677 2454 810 2531 infelix
827 2458 931 2531 nulla
947 2458 1115 2556 procella
1131 2457 1272 2555 eaput?

471 2570 534 2658 Dl,
555 2596 651 2669 quos
669 2573 844 2671 experior
861 2573 1018 2646 nimium
1035 2582 1252 2647 constanter
1268 2571 1432 2670 iniquos,

519 2686 732 2787 Participes
750 2688 814 2763 irae
832 2713 929 2789 quos
948 2689 1054 2764 Deus
1073 2713 1171 2763 unus
1188 2689 1324 2778 habet3

469 2801 737 2895 Exstjmulate‚
755 2830 900 2906 precor,
919 2807 1109 2881 cessantia
1124 2805 1223 2896 fatn;
1252 2804 1405 2903 meique

520 2918 699 2996 luteritus
717 2923 866 2997 clausas
882 2947 968 2999 esse
981 2933 1108 2999 vetate
1124 2923 1236 2998 fores
1472 2924 1522 2993 30

502 3121 540 3169 ra.
549 3109 785 3186 effeminata]
805 3123 858 3171 noe
869 3131 968 3180 aunon
1051 3124 1092 3172 aa.
1108 3121 1189 3172 rano
1204 3123 1276 3170 amu
1290 3120 1413 3184 mou]
1431 3120 1522 3186 snpios

466 3193 561 3242 inferior
571 3193 641 3243 malis
650 3195 778 3245 tolerandis
787 3195 839 3245 fait.
1018 3194 1265 3247 semortemevuine
1275 3194 1342 3243 dicit.

502 3269 539 3316 15.
554 3268 632 3317 Ventis
640 3271 723 3319 dubius
724 3273 865 3333 jactabunt
875 3270 966 3334 undu]
1051 3272 1092 3320 28.
1110 3271 1186 3326 Qum
1198 3270 1332 3318 Dmnnar
1345 3268 1433 3331 halet]
1460 3266 1522 3323 Qnu

468 3341 545 3389 Terris
554 3344 736 3393 deliniretores
746 3343 855 3410 plerique
861 3362 869 3406 ;
880 3344 917 3394 sie
927 3344 969 3394 ho
1019 3345 1126 3411 plerique
1148 3353 1256 3405 voterem
1281 3353 1307 3393 ot
1324 3351 1398 3393 reete.
1431 3342 1523 3391 Hm,

406 3460 408 3465 .
467 3414 499 3462 iv.
511 3414 581 3480 Eleg.
592 3415 643 3464 viii.
654 3417 698 3466 15:
1021 3418 1084 3468 Dens
1101 3435 1171 3467 unus.
1194 3418 1327 3482 Augustus.
1353 3416 1425 3466 Man.
1460 3415 1521 3464 Por·

499 3487 553 3537 Non
568 3490 604 3557 ito
619 3488 662 3537 m·
676 3492 971 3557 oimm‚quimtmoqru
1021 3495 1098 3556 ticipa
1111 3494 1167 3550 ἅτις
1182 3491 1227 3540 lib.
1236 3491 1253 3540 i.
1268 3491 1306 3541 El.
1317 3490 1343 3541 ii.
1354 3490 1431 3539 ortrit
1446 3489 1521 3547 Deos,
1548 3486 1552 3494 ’

561 3564 665 3625 mriqtu
1023 3582 1053 3616 ue
1068 3566 1149 3631 magni
1162 3565 1265 3616 Castris
1278 3566 1320 3615 iro
1336 3564 1520 3620 subscriberent,

532 3636 961 3700 Acmmsomotieimpmmloeis.
1012 3657 1081 3706 quos
1101 3638 1141 3689 liic
1160 3640 1220 3689 dicit
1241 3639 1368 3706 participes
1389 3639 1430 3688 ir·
1451 3636 1522 3687 udus

500 3712 539 3760 lt.
557 3710 588 3759 Et
605 3712 673 3760 tellus
687 3728 740 3760 m
754 3713 846 3776 ραι]
865 3715 898 3763 Et
908 3724 970 3763 terra
1022 3715 1078 3771 Dei,
1090 3713 1193 3779 Augusti
1209 3712 1262 3763 scil.
1275 3726 1331 3764 eum
1341 3728 1390 3778 qao
1405 3711 1431 3761 in
1447 3719 1522 3778 caput

466 3783 513 3833 roei
522 3783 616 3833 exsilii:
633 3782 744 3848 designat
755 3794 835 3835 antem
844 3786 943 3837 Tomon.
1022 3788 1127 3837 Nasonis
1152 3787 1299 3854 conspirasse
1318 3786 1432 3837 censendi
1455 3795 1520 3835 sunt.

496 3859 537 3905 20.
556 3858 592 3906 Do
603 3872 675 3907 ontio
684 3859 767 3922 aqum]
786 3860 826 3909 De
837 3860 901 3917 nive,
914 3878 968 3927 quae
1020 3862 1098 3910 Pour.

464 3930 574 3996 liquescit
584 3946 647 3987 ven,
656 3939 681 3981 et
691 3932 719 3980 fit
729 3947 800 3999 aqna.
