3609 5967
406 778 476 843 EX
500 774 662 841 PON'I'O
688 775 781 844 LIB.
807 775 876 841 111.
901 777 1049 845 EPIST.
1074 781 1136 848 IV.
1232 785 1300 853 463

246 950 417 1049 Tamque
435 975 505 1047 ego
524 948 745 1023 sumsissem
763 949 829 1023 tali
847 950 1025 1049 clangore
1043 954 1222 1051 vigorem,

298 1067 422 1152 Quam
440 1068 543 1141 rudis
561 1066 692 1141 audita
709 1060 817 1141 milen
836 1067 885 1141 ad
904 1092 1008 1143 arma
1023 1071 1130 1145 tuba.

249 1184 410 1260 Pectora
426 1184 503 1259 sint
520 1185 628 1257 nobis
648 1184 796 1259 nivibus
815 1185 1015 1282 glacieque
1032 1186 1176 1275 licebit,

297 1302 424 1399 Atque
443 1302 528 1387 hoc,
548 1324 665 1399 quern
684 1300 818 1399 patior,
837 1300 1030 1398 frigidiora
1046 1304 1152 1379 loeo:

248 1416 319 1491 llla
334 1417 444 1491 ducis
462 1416 591 1504 facies,
607 1417 646 1491 in
664 1440 775 1491 curru
794 1417 932 1491 stantis
950 1418 1106 1507 eburno,
1250 1427 1299 1497 35

298 1532 506 1609 Excuteret
522 1534 641 1629 frigus
659 1534 834 1609 sensibus
852 1558 964 1607 omne
981 1534 1089 1607 meis.
1211 1543 1214 1548 ’

247 1647 320 1723 His
338 1674 409 1747 ego
427 1649 613 1739 desectus,
633 1649 837 1747 dubiisque
855 1650 1072 1725 auctoribus
1091 1676 1196 1738 usus,

297 1766 358 1840 Ad
375 1767 490 1841 vestri
508 1766 617 1841 venio
631 1768 717 1865 jure
731 1766 868 1841 favoris
886 1790 1012 1865 opem.

248 1881 330 1957 Nec
350 1884 441 1958 mihi
459 1895 549 1959 nota
565 1884 717 1971 ducum,
731 1908 800 1958 nec
814 1894 905 1957 sunt
919 1883 1115 1967 rnibinota
1130 1886 1300 1963 locorum

299 1997 483 2073 Nomina:
514 1997 709 2073 materiam
724 1998 788 2073 vix
806 1998 972 2078 habuere
990 2024 1137 2075 manus.
1249 2008 1301 2078 40

247 2114 341 2189 Pars
360 2126 477 2212 quota
493 2115 542 2189 de
560 2114 675 2191 tantis
694 2116 820 2202 rebus,
839 2137 956 2213 quam
973 2115 1074 2191 fama
1090 2117 1241 2207 referre,

296 2232 374 2306 Aut
391 2232 528 2330 aliquis
548 2232 656 2306 nobis
674 2233 840 2307 scribere
859 2243 1001 2331 posset,
1021 2235 1128 2307 erat?

248 2346 333 2431 Quo
351 2348 485 2445 magis,
505 2372 527 2421 o
545 2346 677 2435 lector,
696 2348 814 2423 debes
833 2349 1041 2445 ignoscere,
1060 2350 1092 2423 si
1111 2350 1204 2447 quid

299 2462 474 2537 Erratum
492 2463 658 2550 estillic,
678 2465 958 2563 praeteritumve
974 2464 1079 2539 milri.

249 2580 371 2667 Adde,
384 2580 499 2678 quod,
515 2580 713 2661 adsiduam
731 2580 873 2655 domini
892 2580 1075 2656 meditata
1091 2584 1297 2679 querelam,

230 2696 238 2710 ‘
299 2696 359 2769 Ad
374 2698 502 2771 laetum
520 2721 672 2773 carmen
691 2699 754 2773 vix
772 2722 857 2773 mea
872 2722 982 2773 versa
998 2699 1081 2796 lyra
1097 2710 1169 2773 est.
1247 2704 1297 2775 46

247 2812 323 2885 Vix
341 2813 441 2886 bona
458 2826 545 2913 post
561 2824 667 2889 tanto
685 2814 870 2913 quaerenti
888 2815 1005 2889 verba
1021 2815 1211 2903 subibant,
1284 2833 1289 2837 “

256 2991 262 2996 .
299 2926 350 3003 Et
367 2929 532 3026 gaudere
550 2929 707 3027 aliquid,
727 2956 787 3007 res
806 2932 897 3005 mihi
915 2931 996 3007 visa
1011 2956 1107 3005 nova
1125 2945 1197 3017 est.

250 3042 380 3141 thue
399 3043 642 3121 reformidant
657 3048 845 3123 insuetum
864 3047 1008 3121 lumina
1026 3047 1167 3136 Solem,

300 3159 363 3233 Sic
382 3161 430 3235 ad
447 3160 618 3235 laetitiarn
637 3187 743 3237 mens
762 3186 848 3237 mea
864 3162 992 3259 segnis
1009 3174 1101 3238 erat.
1248 3169 1298 3240 50

249 3272 319 3348 Est
337 3298 491 3373 quoque
509 3262 731 3350 cunctarum
750 3276 896 3351 novitas
914 3278 1110 3352 carissima
1127 3264 1269 3355 rerum:

225 3418 231 3427 ·
300 3392 509 3491 Gratiaque
527 3394 662 3482 officio,
682 3395 784 3491 quod
802 3418 909 3468 mora
924 3395 1061 3482 tardat,
1080 3396 1202 3468 abest.

248 3584 327 3635 orbat.
353 3584 623 3655 Virg.AEn.v.14tl.
667 3592 748 3649 Quare
799 3587 930 3637 Continuus
945 3588 1015 3637 fletus
1035 3603 1108 3645 meos,
1125 3596 1220 3655 propter
1235 3588 1299 3640 bano

246 3660 318 3709 etiarn
336 3659 361 3709 h.
375 3660 391 3709 l.
413 3662 580 3713 adclamatione
599 3663 747 3730 interpretari
798 3661 977 3727 relegationem.
1003 3660 1093 3712 Hirrus.

247 3734 342 3799 poteria,
363 3742 387 3785 et
412 3743 467 3801 apte
493 3737 543 3785 leto
570 3738 678 3789 additum
703 3747 748 3789 est.
830 3736 872 3784 46.
885 3736 941 3784 Μαι
957 3752 1022 3785 verta
1038 3736 1157 3800 lyram]
1175 3735 1298 3787 Sicetium

248 3808 361 3859 Hlarus.
606 3804 611 3815 “
798 3810 886 3859 Rarar.
897 3825 952 3859 cum
966 3810 1093 3875 plerique,
1104 3825 1149 3859 uec
1159 3810 1246 3859 mutari
1255 3811 1298 3863 de-

280 3884 321 3932 32.
333 3884 409 3933 liudis
420 3884 504 3948 mitra]
522 3886 585 3950 Tyro
601 3895 625 3935 et
639 3885 697 3935 belli
710 3885 747 3934 iu·
797 3883 850 3933 buit
865 3899 880 3933 a
895 3882 1014 3941 Fabricio,
1027 3886 1064 3931 aia
1079 3900 1130 3933 mea
1144 3900 1210 3932 mara
1226 3886 1298 3943 mit,

247 3966 366 4022 expertus,
377 3956 512 4023 ἀπόλεμος,
525 3960 623 4009 Homer.
797 3966 824 4007 ut
845 3957 973 4022 Gottorpb.
991 3965 1017 4006 et
1032 3958 1173 4007 Bemmanm
1193 3957 1297 4013 habenta

280 4030 446 4081 36.lnaurra
460 4034 566 4098 obium]
584 4034 748 4101 Triumphalia
797 4030 1082 4096 quidlyrae,inquitille‚
1095 4047 1151 4081 oum
1161 4030 1298 4097 triumpho!
1374 4026 1389 4043 ⁶

247 4114 385 4155 mareota
401 4104 474 4163 luere,
493 4116 548 4171 toga
567 4116 690 4174 praetexta,
709 4118 746 4157 tu·
798 4105 857 4170 quid
876 4106 955 4155 eidem
976 4121 1031 4153 oum
1052 4105 1157 4155 ommino
1174 4106 1299 4169 elegiaaol

210 4237 213 4243 ¹
248 4180 302 4231 bias
316 4180 681 4247 palmata,togapicta.corona
695 4183 747 4233 lau·
797 4178 832 4227 At
845 4178 909 4229 euim
923 4178 1043 4228 claudian
1059 4179 1126 4245 prul.
1137 4196 1160 4227 v.
1173 4180 1211 4227 16.
1221 4194 1297 4230 cerm.

247 4268 295 4311 rea,
311 4254 386 4321 scipio
402 4256 529 4313 eburneus,
543 4264 568 4305 st
584 4255 643 4305 sella
659 4256 748 4306 curulis
798 4253 822 4301 in
840 4253 956 4304 Rufinum
971 4252 992 4300 1.
1003 4260 1028 4300 et
1040 4252 1075 4300 ΙΙ.
1089 4251 1157 4317 prul.
1167 4269 1190 4299 ν.
1201 4253 1240 4299 14.
1255 4268 1296 4301 eo-

247 4329 360 4382 eburnea.
372 4328 403 4377 de
419 4344 467 4393 qua
486 4328 524 4379 bic
541 4330 643 4379 Ovidius
658 4329 746 4379 iutelli-
798 4327 853 4377 dem
866 4342 924 4377 urus
938 4335 975 4377 ost
985 4342 1038 4375 roc.
1049 4341 1126 4391 nuque
1139 4324 1211 4376 dam
1222 4325 1297 4392 aerip-

247 4402 290 4467 git.
796 4402 837 4453 ait.
865 4402 980 4450 Hiram.

279 4476 319 4524 ⁴4.
333 4478 506 4535 Preteritamoa
517 4478 597 4541 mitt]
615 4478 665 4527 Aut
679 4492 694 4527 a
708 4492 746 4526 me
829 4477 871 4524 52.
885 4474 985 4540 ΟΜ]
999 4472 1044 4541 liei
1055 4472 1090 4521 illi
1101 4486 1173 4545 quum
1188 4470 1296 4533 facimus,

247 4549 437 4615 pretermissum.
699 4554 704 4592 l
797 4557 824 4598 ut
845 4556 913 4613 puta,
933 4545 1059 4595 scnbeudo
1081 4544 1235 4611 triumphum,
1255 4556 1298 4596 tut

279 4624 319 4675 ⁴5.
333 4626 449 4675 Adridruu
463 4628 565 4688 queretur
579 4627 673 4683 domini,
686 4623 744 4687 dra]
798 4618 868 4672 aliud
877 4618 970 4685 aliquid
978 4618 1066 4668 similo.
