<?xml version="1.0" encoding="UTF-8"?>
<!DOCTYPE html PUBLIC "-//W3C//DTD XHTML 1.0 Transitional//EN"
    "http://www.w3.org/TR/xhtml1/DTD/xhtml1-transitional.dtd">
<html xmlns="http://www.w3.org/1999/xhtml" xml:lang="en" lang="en">
 <head>
  <title>
</title>
<meta http-equiv="Content-Type" content="text/html;charset=utf-8" />
  <meta name='ocr-system' content='tesseract 3.04.00' />
  <meta name='ocr-capabilities' content='ocr_page ocr_carea ocr_par ocr_line ocrx_word'/>
</head>
<body>
  <div class='ocr_page' id='page_1' title='image "./opera02giergoog_0338.png"; bbox 0 0 3609 5967; ppageno 0'>
   <div class='ocr_carea' id='block_1_1' title="bbox 489 710 1405 834">
    <p class='ocr_par' dir='ltr' id='par_1_1' title="bbox 489 710 1405 834">
     <span class='ocr_line' id='line_1_1' title="bbox 489 710 1405 834; baseline -0.005 0"><span class='ocrx_word' id='word_1_1' title='bbox 489 768 557 834; x_wconf 75' lang='lat' dir='ltr'><strong>sss</strong></span> <span class='ocrx_word' id='word_1_2' title='bbox 786 764 825 829; x_wconf 77' lang='lat' dir='ltr'><strong>r.</strong></span> <span class='ocrx_word' id='word_1_3' title='bbox 849 762 1013 829; x_wconf 88' lang='lat' dir='ltr'><strong>ov1n11</strong></span> <span class='ocrx_word' id='word_1_4' title='bbox 1038 719 1308 830; x_wconf 72' lang='lat' dir='ltr'><strong>ussoms&#39;</strong></span> <span class='ocrx_word' id='word_1_5' title='bbox 1400 710 1405 721; x_wconf 48' lang='lat'><strong><em>¹</em></strong></span> 
     </span>
    </p>
   </div>
   <div class='ocr_carea' id='block_1_2' title="bbox 421 937 1541 1613">
    <p class='ocr_par' dir='ltr' id='par_1_2' title="bbox 488 937 1410 1038">
     <span class='ocr_line' id='line_1_2' title="bbox 488 937 1410 1038; baseline 0 -25"><span class='ocrx_word' id='word_1_6' title='bbox 488 941 560 1015; x_wconf 86' lang='lat' dir='ltr'><strong>Vel</strong></span> <span class='ocrx_word' id='word_1_7' title='bbox 579 939 669 1038; x_wconf 87' lang='lat' dir='ltr'><strong>quia</strong></span> <span class='ocrx_word' id='word_1_8' title='bbox 687 937 841 1036; x_wconf 87' lang='lat' dir='ltr'><strong>peccavi</strong></span> <span class='ocrx_word' id='word_1_9' title='bbox 859 937 955 1012; x_wconf 80' lang='lat' dir='ltr'><strong>citra</strong></span> <span class='ocrx_word' id='word_1_10' title='bbox 971 938 1109 1022; x_wconf 88' lang='lat' dir='ltr'><strong>scelus,</strong></span> <span class='ocrx_word' id='word_1_11' title='bbox 1129 948 1248 1035; x_wconf 84' lang='lat' dir='ltr'><strong>utque</strong></span> <span class='ocrx_word' id='word_1_12' title='bbox 1266 938 1410 1037; x_wconf 88' lang='lat' dir='ltr'><strong>pudore</strong></span> 
     </span>
    </p>

    <p class='ocr_par' dir='ltr' id='par_1_3' title="bbox 501 1053 1371 1152">
     <span class='ocr_line' id='line_1_3' title="bbox 501 1053 1371 1152; baseline -0.006 -20"><span class='ocrx_word' id='word_1_13' title='bbox 501 1064 506 1072; x_wconf 84' lang='grc'><strong><em>’</em></strong></span> <span class='ocrx_word' id='word_1_14' title='bbox 542 1056 630 1131; x_wconf 92' lang='lat' dir='ltr'><strong>Non</strong></span> <span class='ocrx_word' id='word_1_15' title='bbox 647 1067 763 1142; x_wconf 84' lang='lat' dir='ltr'><strong>caret,</strong></span> <span class='ocrx_word' id='word_1_16' title='bbox 782 1054 924 1130; x_wconf 86' lang='lat' dir='ltr'><strong>invidia</strong></span> <span class='ocrx_word' id='word_1_17' title='bbox 940 1055 995 1129; x_wconf 89' lang='lat' dir='ltr'><strong>sic</strong></span> <span class='ocrx_word' id='word_1_18' title='bbox 1014 1078 1099 1128; x_wconf 82' lang='lat' dir='ltr'><strong>meo</strong></span> <span class='ocrx_word' id='word_1_19' title='bbox 1116 1053 1229 1152; x_wconf 85' lang='lat' dir='ltr'><strong>eulpa</strong></span> <span class='ocrx_word' id='word_1_20' title='bbox 1246 1063 1371 1128; x_wconf 82' lang='lat' dir='ltr'><strong>caret:</strong></span> 
     </span>
    </p>

    <p class='ocr_par' dir='ltr' id='par_1_4' title="bbox 489 1168 1541 1270">
     <span class='ocr_line' id='line_1_4' title="bbox 489 1168 1541 1270; baseline -0.003 -25"><span class='ocrx_word' id='word_1_21' title='bbox 489 1172 562 1248; x_wconf 80' lang='lat' dir='ltr'><strong>ver</strong></span> <span class='ocrx_word' id='word_1_22' title='bbox 579 1172 671 1270; x_wconf 85' lang='lat' dir='ltr'><strong>quia</strong></span> <span class='ocrx_word' id='word_1_23' title='bbox 687 1172 741 1245; x_wconf 89' lang='lat' dir='ltr'><strong>nil</strong></span> <span class='ocrx_word' id='word_1_24' title='bbox 759 1173 906 1268; x_wconf 85' lang='lat' dir='ltr'><strong>ingens,</strong></span> <span class='ocrx_word' id='word_1_25' title='bbox 927 1173 975 1246; x_wconf 85' lang='lat' dir='ltr'><strong>ad</strong></span> <span class='ocrx_word' id='word_1_26' title='bbox 993 1171 1107 1244; x_wconf 83' lang='lat' dir='ltr'><strong>finem</strong></span> <span class='ocrx_word' id='word_1_27' title='bbox 1124 1168 1215 1243; x_wconf 90' lang='lat' dir='ltr'><strong>solis</strong></span> <span class='ocrx_word' id='word_1_28' title='bbox 1234 1170 1282 1243; x_wconf 85' lang='lat' dir='ltr'><strong>ab</strong></span> <span class='ocrx_word' id='word_1_29' title='bbox 1299 1180 1396 1255; x_wconf 91' lang='lat' dir='ltr'><strong>ortu,</strong></span> <span class='ocrx_word' id='word_1_30' title='bbox 1491 1171 1541 1243; x_wconf 80' lang='lat'><strong>25</strong></span> 
     </span>
    </p>

    <p class='ocr_par' dir='ltr' id='par_1_5' title="bbox 421 1284 1481 1386">
     <span class='ocr_line' id='line_1_5' title="bbox 421 1284 1481 1386; baseline -0.005 -25"><span class='ocrx_word' id='word_1_31' title='bbox 421 1364 429 1382; x_wconf 57' lang='lat'>‚</span> <span class='ocrx_word' id='word_1_32' title='bbox 540 1287 624 1374; x_wconf 88' lang='grc' dir='ltr'>ΙΙΙο,</span> <span class='ocrx_word' id='word_1_33' title='bbox 644 1288 704 1361; x_wconf 91' lang='lat' dir='ltr'><strong>cui</strong></span> <span class='ocrx_word' id='word_1_34' title='bbox 722 1298 843 1386; x_wconf 87' lang='lat' dir='ltr'><strong>paret,</strong></span> <span class='ocrx_word' id='word_1_35' title='bbox 863 1285 992 1360; x_wconf 88' lang='lat' dir='ltr'><strong>mitius</strong></span> <span class='ocrx_word' id='word_1_36' title='bbox 1009 1284 1111 1359; x_wconf 91' lang='lat' dir='ltr'><strong>orbis</strong></span> <span class='ocrx_word' id='word_1_37' title='bbox 1129 1284 1258 1358; x_wconf 82' lang='lat' dir='ltr'><strong>habet.</strong></span> <span class='ocrx_word' id='word_1_38' title='bbox 1479 1298 1481 1303; x_wconf 81' lang='grc'>’</span> 
     </span>
    </p>

    <p class='ocr_par' dir='ltr' id='par_1_6' title="bbox 491 1398 1429 1613">
     <span class='ocr_line' id='line_1_6' title="bbox 491 1398 1410 1499; baseline -0.005 -23"><span class='ocrx_word' id='word_1_39' title='bbox 491 1402 659 1489; x_wconf 86' lang='lat' dir='ltr'><strong>Scilicet,</strong></span> <span class='ocrx_word' id='word_1_40' title='bbox 678 1413 814 1475; x_wconf 92' lang='lat' dir='ltr'><strong>utnon</strong></span> <span class='ocrx_word' id='word_1_41' title='bbox 832 1412 893 1474; x_wconf 88' lang='lat' dir='ltr'><strong>est</strong></span> <span class='ocrx_word' id='word_1_42' title='bbox 910 1401 1070 1499; x_wconf 84' lang='lat' dir='ltr'><strong>pervim</strong></span> <span class='ocrx_word' id='word_1_43' title='bbox 1088 1398 1313 1499; x_wconf 83' lang='lat' dir='ltr'><strong>superabilis</strong></span> <span class='ocrx_word' id='word_1_44' title='bbox 1331 1399 1410 1485; x_wconf 91' lang='lat' dir='ltr'><strong>ulli,</strong></span> 
     </span>
     <span class='ocr_line' id='line_1_7' title="bbox 541 1512 1429 1613; baseline -0.002 -23"><span class='ocrx_word' id='word_1_45' title='bbox 541 1516 662 1591; x_wconf 86' lang='lat' dir='ltr'><strong>Molle</strong></span> <span class='ocrx_word' id='word_1_46' title='bbox 677 1540 742 1590; x_wconf 92' lang='lat' dir='ltr'><strong>cor</strong></span> <span class='ocrx_word' id='word_1_47' title='bbox 759 1517 808 1591; x_wconf 84' lang='lat' dir='ltr'><strong>ad</strong></span> <span class='ocrx_word' id='word_1_48' title='bbox 825 1512 978 1591; x_wconf 83' lang='lat' dir='ltr'><strong>timidas</strong></span> <span class='ocrx_word' id='word_1_49' title='bbox 997 1516 1052 1590; x_wconf 86' lang='lat' dir='ltr'><strong>sic</strong></span> <span class='ocrx_word' id='word_1_50' title='bbox 1070 1515 1186 1590; x_wconf 79' lang='lat' dir='ltr'><strong>habet</strong></span> <span class='ocrx_word' id='word_1_51' title='bbox 1202 1515 1266 1590; x_wconf 86' lang='lat' dir='ltr'><strong>ille</strong></span> <span class='ocrx_word' id='word_1_52' title='bbox 1283 1538 1429 1613; x_wconf 85' lang='lat' dir='ltr'><strong>preces.</strong></span> 
     </span>
    </p>
   </div>
   <div class='ocr_carea' id='block_1_3' title="bbox 491 1630 1657 1733">
    <p class='ocr_par' dir='ltr' id='par_1_7' title="bbox 491 1630 1657 1733">
     <span class='ocr_line' id='line_1_8' title="bbox 491 1630 1657 1733; baseline -0.003 -26"><span class='ocrx_word' id='word_1_53' title='bbox 491 1631 757 1733; x_wconf 82' lang='lat' dir='ltr'><strong>Exemploque</strong></span> <span class='ocrx_word' id='word_1_54' title='bbox 772 1632 909 1720; x_wconf 73' lang='lat' dir='ltr'><strong>Deum,</strong></span> <span class='ocrx_word' id='word_1_55' title='bbox 922 1633 1062 1731; x_wconf 91' lang='lat' dir='ltr'><strong>quibus</strong></span> <span class='ocrx_word' id='word_1_56' title='bbox 1077 1654 1300 1707; x_wconf 83' lang='lat' dir='ltr'><strong>accessurus</strong></span> <span class='ocrx_word' id='word_1_57' title='bbox 1314 1642 1354 1705; x_wconf 90' lang='lat' dir='ltr'><strong>et</strong></span> <span class='ocrx_word' id='word_1_58' title='bbox 1371 1630 1454 1729; x_wconf 91' lang='lat' dir='ltr'><strong>ipse</strong></span> <span class='ocrx_word' id='word_1_59' title='bbox 1468 1641 1539 1715; x_wconf 86' lang='lat' dir='ltr'><strong>est,</strong></span> <span class='ocrx_word' id='word_1_60' title='bbox 1654 1672 1657 1679; x_wconf 90' lang='lat'><strong>·</strong></span> 
     </span>
    </p>
   </div>
   <div class='ocr_carea' id='block_1_4' title="bbox 423 1747 1541 2774">
    <p class='ocr_par' dir='ltr' id='par_1_8' title="bbox 492 1747 1541 1948">
     <span class='ocr_line' id='line_1_9' title="bbox 542 1747 1541 1848; baseline -0.005 -25"><span class='ocrx_word' id='word_1_61' title='bbox 542 1749 641 1823; x_wconf 89' lang='lat' dir='ltr'><strong>Cum</strong></span> <span class='ocrx_word' id='word_1_62' title='bbox 659 1773 781 1848; x_wconf 84' lang='lat' dir='ltr'><strong>poenoe</strong></span> <span class='ocrx_word' id='word_1_63' title='bbox 796 1749 908 1823; x_wconf 82' lang='lat' dir='ltr'><strong>venis</strong></span> <span class='ocrx_word' id='word_1_64' title='bbox 925 1750 1035 1847; x_wconf 80' lang='lat' dir='ltr'><strong>plura</strong></span> <span class='ocrx_word' id='word_1_65' title='bbox 1051 1747 1221 1844; x_wconf 76' lang='lat' dir='ltr'><strong>roganda</strong></span> <span class='ocrx_word' id='word_1_66' title='bbox 1236 1757 1378 1846; x_wconf 77' lang='lat' dir='ltr'><strong>petam.</strong></span> <span class='ocrx_word' id='word_1_67' title='bbox 1491 1750 1541 1819; x_wconf 84' lang='lat'><strong>30</strong></span> 
     </span>
     <span class='ocr_line' id='line_1_10' title="bbox 492 1863 1282 1948; baseline -0.003 -10"><span class='ocrx_word' id='word_1_68' title='bbox 492 1864 534 1938; x_wconf 90' lang='lat' dir='ltr'><strong>Si</strong></span> <span class='ocrx_word' id='word_1_69' title='bbox 552 1888 728 1939; x_wconf 83' lang='lat' dir='ltr'>numeres</span> <span class='ocrx_word' id='word_1_70' title='bbox 746 1887 846 1937; x_wconf 83' lang='lat' dir='ltr'><strong>anno</strong></span> <span class='ocrx_word' id='word_1_71' title='bbox 864 1864 965 1938; x_wconf 90' lang='lat' dir='ltr'><strong>soles</strong></span> <span class='ocrx_word' id='word_1_72' title='bbox 984 1874 1022 1937; x_wconf 91' lang='lat' dir='ltr'><strong>et</strong></span> <span class='ocrx_word' id='word_1_73' title='bbox 1040 1863 1171 1937; x_wconf 88' lang='lat' dir='ltr'><strong>nubila</strong></span> <span class='ocrx_word' id='word_1_74' title='bbox 1186 1873 1282 1948; x_wconf 88' lang='lat' dir='ltr'><strong>toto,</strong></span> 
     </span>
    </p>

    <p class='ocr_par' dir='ltr' id='par_1_9' title="bbox 543 1964 1280 2079">
     <span class='ocr_line' id='line_1_11' title="bbox 543 1964 1280 2079; baseline -0.004 -25"><span class='ocrx_word' id='word_1_75' title='bbox 543 1978 716 2055; x_wconf 87' lang='lat' dir='ltr'><strong>Invenies</strong></span> <span class='ocrx_word' id='word_1_76' title='bbox 734 1980 895 2054; x_wconf 85' lang='lat' dir='ltr'><strong>nitidum</strong></span> <span class='ocrx_word' id='word_1_77' title='bbox 914 1964 1053 2079; x_wconf 84' lang='lat' dir='ltr'><strong>saepius</strong></span> <span class='ocrx_word' id='word_1_78' title='bbox 1072 1979 1147 2054; x_wconf 89' lang='lat' dir='ltr'><strong>isse</strong></span> <span class='ocrx_word' id='word_1_79' title='bbox 1164 1978 1280 2052; x_wconf 85' lang='lat' dir='ltr'><strong>diem.</strong></span> 
     </span>
    </p>

    <p class='ocr_par' dir='ltr' id='par_1_10' title="bbox 423 2093 1274 2193">
     <span class='ocr_line' id='line_1_12' title="bbox 423 2093 1274 2193; baseline -0.001 -24"><span class='ocrx_word' id='word_1_80' title='bbox 423 2100 428 2109; x_wconf 86' lang='lat'><em>&#39;</em></span> <span class='ocrx_word' id='word_1_81' title='bbox 491 2094 605 2193; x_wconf 79' lang='lat' dir='ltr'><strong>Ergo,</strong></span> <span class='ocrx_word' id='word_1_82' title='bbox 624 2119 672 2169; x_wconf 89' lang='lat' dir='ltr'><strong>ne</strong></span> <span class='ocrx_word' id='word_1_83' title='bbox 690 2106 818 2168; x_wconf 81' lang='lat' dir='ltr'><strong>nostra</strong></span> <span class='ocrx_word' id='word_1_84' title='bbox 835 2093 992 2168; x_wconf 89' lang='lat' dir='ltr'><strong>nimium</strong></span> <span class='ocrx_word' id='word_1_85' title='bbox 1010 2095 1137 2169; x_wconf 84' lang='lat' dir='ltr'><strong>laetere</strong></span> <span class='ocrx_word' id='word_1_86' title='bbox 1155 2094 1274 2178; x_wconf 82' lang='lat' dir='ltr'><strong>ruina,</strong></span> 
     </span>
    </p>

    <p class='ocr_par' dir='ltr' id='par_1_11' title="bbox 446 2210 1537 2655">
     <span class='ocr_line' id='line_1_13' title="bbox 541 2210 1431 2308; baseline -0.003 -23"><span class='ocrx_word' id='word_1_87' title='bbox 541 2210 706 2285; x_wconf 86' lang='lat' dir='ltr'><strong>Restitui</strong></span> <span class='ocrx_word' id='word_1_88' title='bbox 726 2211 919 2307; x_wconf 82' lang='lat' dir='ltr'><strong>quondam</strong></span> <span class='ocrx_word' id='word_1_89' title='bbox 936 2234 996 2284; x_wconf 89' lang='lat' dir='ltr'><strong>me</strong></span> <span class='ocrx_word' id='word_1_90' title='bbox 1014 2233 1168 2308; x_wconf 91' lang='lat' dir='ltr'><strong>quoque</strong></span> <span class='ocrx_word' id='word_1_91' title='bbox 1186 2232 1300 2308; x_wconf 88' lang='lat' dir='ltr'><strong>posse</strong></span> <span class='ocrx_word' id='word_1_92' title='bbox 1319 2219 1431 2307; x_wconf 83' lang='lat' dir='ltr'><strong>puta:</strong></span> 
     </span>
     <span class='ocr_line' id='line_1_14' title="bbox 490 2324 1537 2425; baseline -0.005 -24"><span class='ocrx_word' id='word_1_93' title='bbox 490 2327 611 2402; x_wconf 88' lang='lat' dir='ltr'><strong>Posse</strong></span> <span class='ocrx_word' id='word_1_94' title='bbox 628 2336 723 2425; x_wconf 86' lang='lat' dir='ltr'><strong>puta</strong></span> <span class='ocrx_word' id='word_1_95' title='bbox 737 2325 831 2411; x_wconf 87' lang='lat' dir='ltr'><strong>fieri,</strong></span> <span class='ocrx_word' id='word_1_96' title='bbox 850 2326 965 2400; x_wconf 89' lang='lat' dir='ltr'><strong>lenito</strong></span> <span class='ocrx_word' id='word_1_97' title='bbox 983 2324 1168 2423; x_wconf 87' lang='lat' dir='ltr'><strong>principe,</strong></span> <span class='ocrx_word' id='word_1_98' title='bbox 1185 2324 1312 2398; x_wconf 84' lang='lat' dir='ltr'><strong>vuitus</strong></span> <span class='ocrx_word' id='word_1_99' title='bbox 1487 2326 1537 2397; x_wconf 88' lang='grc'><strong>35</strong></span> 
     </span>
     <span class='ocr_line' id='line_1_15' title="bbox 446 2441 1337 2527; baseline -0.004 -11"><span class='ocrx_word' id='word_1_100' title='bbox 446 2444 448 2451; x_wconf 81' lang='grc'><em>’</em></span> <span class='ocrx_word' id='word_1_101' title='bbox 542 2441 597 2516; x_wconf 90' lang='lat' dir='ltr'><strong>Ut</strong></span> <span class='ocrx_word' id='word_1_102' title='bbox 613 2441 742 2515; x_wconf 84' lang='lat' dir='ltr'><strong>videas</strong></span> <span class='ocrx_word' id='word_1_103' title='bbox 760 2441 885 2517; x_wconf 83' lang='lat' dir='ltr'><strong>media</strong></span> <span class='ocrx_word' id='word_1_104' title='bbox 902 2442 1021 2516; x_wconf 87' lang='lat' dir='ltr'><strong>tristis</strong></span> <span class='ocrx_word' id='word_1_105' title='bbox 1040 2441 1078 2514; x_wconf 93' lang='lat' dir='ltr'><strong>in</strong></span> <span class='ocrx_word' id='word_1_106' title='bbox 1099 2441 1192 2515; x_wconf 89' lang='lat' dir='ltr'><strong>urbe</strong></span> <span class='ocrx_word' id='word_1_107' title='bbox 1211 2458 1337 2527; x_wconf 84' lang='lat' dir='ltr'><strong>meos3</strong></span> 
     </span>
     <span class='ocr_line' id='line_1_16' title="bbox 493 2554 1466 2655; baseline -0.003 -25"><span class='ocrx_word' id='word_1_108' title='bbox 493 2557 631 2655; x_wconf 62' lang='lat' dir='ltr'><strong>thue,</strong></span> <span class='ocrx_word' id='word_1_109' title='bbox 643 2582 714 2655; x_wconf 87' lang='lat' dir='ltr'><strong>ego</strong></span> <span class='ocrx_word' id='word_1_110' title='bbox 732 2568 771 2632; x_wconf 83' lang='lat' dir='ltr'><strong>te</strong></span> <span class='ocrx_word' id='word_1_111' title='bbox 787 2558 936 2632; x_wconf 85' lang='lat' dir='ltr'><strong>videam</strong></span> <span class='ocrx_word' id='word_1_112' title='bbox 954 2581 1071 2632; x_wconf 79' lang='lat' dir='ltr'><strong>eausa</strong></span> <span class='ocrx_word' id='word_1_113' title='bbox 1087 2557 1256 2654; x_wconf 82' lang='lat' dir='ltr'><strong>graviore</strong></span> <span class='ocrx_word' id='word_1_114' title='bbox 1273 2554 1466 2652; x_wconf 83' lang='lat' dir='ltr'><strong>fugatum:</strong></span> 
     </span>
    </p>

    <p class='ocr_par' dir='ltr' id='par_1_12' title="bbox 543 2670 1474 2774">
     <span class='ocr_line' id='line_1_17' title="bbox 543 2670 1474 2774; baseline -0.001 -28"><span class='ocrx_word' id='word_1_115' title='bbox 543 2672 636 2749; x_wconf 83' lang='lat' dir='ltr'><strong>Haeo</strong></span> <span class='ocrx_word' id='word_1_116' title='bbox 654 2670 743 2748; x_wconf 86' lang='lat' dir='ltr'><strong>sunt</strong></span> <span class='ocrx_word' id='word_1_117' title='bbox 760 2675 930 2774; x_wconf 82' lang='lat' dir='ltr'><strong>oprimis</strong></span> <span class='ocrx_word' id='word_1_118' title='bbox 948 2674 1121 2774; x_wconf 83' lang='lat' dir='ltr'><strong>proxima</strong></span> <span class='ocrx_word' id='word_1_119' title='bbox 1139 2683 1227 2747; x_wconf 80' lang='lat' dir='ltr'><strong>vota</strong></span> <span class='ocrx_word' id='word_1_120' title='bbox 1244 2671 1348 2745; x_wconf 86' lang='lat' dir='ltr'><strong>mihi.</strong></span> <span class='ocrx_word' id='word_1_121' title='bbox 1457 2722 1474 2745; x_wconf 68' lang='grc'><strong>.</strong></span> 
     </span>
    </p>
   </div>
   <div class='ocr_carea' id='block_1_5' title="bbox 836 3233 1195 3310">
    <p class='ocr_par' dir='ltr' id='par_1_13' title="bbox 836 3233 1195 3310">
     <span class='ocr_line' id='line_1_18' title="bbox 836 3233 1195 3310; baseline 0.006 -2"><span class='ocrx_word' id='word_1_122' title='bbox 836 3233 1088 3310; x_wconf 83' lang='lat' dir='ltr'><strong>ELEGIA</strong></span> <span class='ocrx_word' id='word_1_123' title='bbox 1122 3236 1195 3310; x_wconf 92' lang='lat' dir='ltr'><strong>lX.</strong></span> 
     </span>
    </p>
   </div>
   <div class='ocr_carea' id='block_1_6' title="bbox 493 3436 1459 3653">
    <p class='ocr_par' dir='ltr' id='par_1_14' title="bbox 493 3436 1459 3653">
     <span class='ocr_line' id='line_1_19' title="bbox 493 3436 1335 3537; baseline 0.001 -26"><span class='ocrx_word' id='word_1_124' title='bbox 493 3437 528 3511; x_wconf 94' lang='grc' dir='ltr'>Ο</span> <span class='ocrx_word' id='word_1_125' title='bbox 549 3462 631 3510; x_wconf 81' lang='lat' dir='ltr'><strong>run</strong></span> <span class='ocrx_word' id='word_1_126' title='bbox 652 3436 684 3509; x_wconf 90' lang='lat' dir='ltr'><strong>si</strong></span> <span class='ocrx_word' id='word_1_127' title='bbox 703 3437 846 3512; x_wconf 86' lang='lat' dir='ltr'><strong>sineres</strong></span> <span class='ocrx_word' id='word_1_128' title='bbox 864 3437 904 3510; x_wconf 89' lang='lat' dir='ltr'><strong>in</strong></span> <span class='ocrx_word' id='word_1_129' title='bbox 922 3437 1059 3512; x_wconf 90' lang='lat' dir='ltr'><strong>nostris</strong></span> <span class='ocrx_word' id='word_1_130' title='bbox 1078 3439 1230 3513; x_wconf 84' lang='lat' dir='ltr'><strong>nomina</strong></span> <span class='ocrx_word' id='word_1_131' title='bbox 1247 3440 1335 3537; x_wconf 92' lang='lat' dir='ltr'><strong>poni</strong></span> 
     </span>
     <span class='ocr_line' id='line_1_20' title="bbox 543 3550 1459 3653; baseline 0 -26"><span class='ocrx_word' id='word_1_132' title='bbox 543 3550 797 3639; x_wconf 81' lang='lat' dir='ltr'><strong>Carminibus,</strong></span> <span class='ocrx_word' id='word_1_133' title='bbox 815 3553 962 3651; x_wconf 88' lang='lat' dir='ltr'><strong>positus</strong></span> <span class='ocrx_word' id='word_1_134' title='bbox 980 3577 1094 3651; x_wconf 88' lang='lat' dir='ltr'><strong>quam</strong></span> <span class='ocrx_word' id='word_1_135' title='bbox 1109 3553 1200 3628; x_wconf 92' lang='lat' dir='ltr'><strong>mihi</strong></span> <span class='ocrx_word' id='word_1_136' title='bbox 1219 3578 1323 3653; x_wconf 85' lang='lat' dir='ltr'><strong>saepe</strong></span> <span class='ocrx_word' id='word_1_137' title='bbox 1339 3553 1459 3628; x_wconf 87' lang='lat' dir='ltr'><strong>fores!</strong></span> 
     </span>
    </p>
   </div>
   <div class='ocr_carea' id='block_1_7' title="bbox 481 3850 1545 4656">
    <p class='ocr_par' dir='ltr' id='par_1_15' title="bbox 481 3850 1545 4656">
     <span class='ocr_line' id='line_1_21' title="bbox 524 3850 1543 3922; baseline 0.002 -18"><span class='ocrx_word' id='word_1_138' title='bbox 524 3855 565 3904; x_wconf 78' lang='lat'><strong>2³.</strong></span> <span class='ocrx_word' id='word_1_139' title='bbox 587 3851 699 3916; x_wconf 65' lang='lat' dir='ltr'><strong>Pudore]</strong></span> <span class='ocrx_word' id='word_1_140' title='bbox 726 3850 752 3900; x_wconf 82' lang='lat' dir='ltr'><strong>h.</strong></span> <span class='ocrx_word' id='word_1_141' title='bbox 772 3866 794 3901; x_wconf 80' lang='lat' dir='ltr'><strong>s.</strong></span> <span class='ocrx_word' id='word_1_142' title='bbox 811 3851 885 3902; x_wconf 82' lang='lat' dir='ltr'><strong>stulto</strong></span> <span class='ocrx_word' id='word_1_143' title='bbox 905 3868 992 3911; x_wconf 78' lang='lat' dir='ltr'><strong>errore,</strong></span> <span class='ocrx_word' id='word_1_144' title='bbox 1041 3853 1129 3921; x_wconf 73' lang='lat' dir='ltr'><strong>possim</strong></span> <span class='ocrx_word' id='word_1_145' title='bbox 1138 3853 1254 3904; x_wconf 77' lang='lat' dir='ltr'><strong>occurrit:</strong></span> <span class='ocrx_word' id='word_1_146' title='bbox 1265 3855 1543 3922; x_wconf 63' lang='lat' dir='ltr'><strong>premetssrmetism</strong></span> 
     </span>
     <span class='ocr_line' id='line_1_22' title="bbox 490 3925 1544 3992; baseline 0.001 -15"><span class='ocrx_word' id='word_1_147' title='bbox 490 3929 607 3992; x_wconf 78' lang='lat' dir='ltr'><strong>cujusne</strong></span> <span class='ocrx_word' id='word_1_148' title='bbox 618 3925 797 3992; x_wconf 82' lang='lat' dir='ltr'><strong>puderedebet.</strong></span> <span class='ocrx_word' id='word_1_149' title='bbox 831 3926 945 3976; x_wconf 69' lang='lat' dir='ltr'><strong>Histris.</strong></span> <span class='ocrx_word' id='word_1_150' title='bbox 1042 3925 1199 3977; x_wconf 81' lang='lat' dir='ltr'><strong>confuderunt</strong></span> <span class='ocrx_word' id='word_1_151' title='bbox 1211 3927 1301 3978; x_wconf 70' lang='lat' dir='ltr'><strong>librarii</strong></span> <span class='ocrx_word' id='word_1_152' title='bbox 1314 3942 1343 3979; x_wconf 82' lang='lat' dir='ltr'><strong>er</strong></span> <span class='ocrx_word' id='word_1_153' title='bbox 1355 3928 1426 3978; x_wconf 89' lang='lat' dir='ltr'><strong>Pout.</strong></span> <span class='ocrx_word' id='word_1_154' title='bbox 1436 3929 1454 3977; x_wconf 88' lang='lat' dir='ltr'><strong>i.</strong></span> <span class='ocrx_word' id='word_1_155' title='bbox 1465 3946 1491 3978; x_wconf 83' lang='lat' dir='ltr'><strong>r.</strong></span> <span class='ocrx_word' id='word_1_156' title='bbox 1502 3930 1544 3978; x_wconf 74' lang='grc'><strong>30.</strong></span> 
     </span>
     <span class='ocr_line' id='line_1_23' title="bbox 523 3999 1545 4063; baseline 0.004 -14"><span class='ocrx_word' id='word_1_157' title='bbox 523 4002 564 4049; x_wconf 74' lang='lat'><strong>29.</strong></span> <span class='ocrx_word' id='word_1_158' title='bbox 583 4000 688 4063; x_wconf 69' lang='lat' dir='ltr'><strong>Exempto</strong></span> <span class='ocrx_word' id='word_1_159' title='bbox 703 3999 803 4063; x_wconf 68' lang='lat' dir='ltr'><strong>Derim]</strong></span> <span class='ocrx_word' id='word_1_160' title='bbox 827 3999 934 4048; x_wconf 85' lang='lat' dir='ltr'><strong>Deorum</strong></span> <span class='ocrx_word' id='word_1_161' title='bbox 950 4015 992 4048; x_wconf 85' lang='lat' dir='ltr'><strong>ex·</strong></span> <span class='ocrx_word' id='word_1_162' title='bbox 1042 4010 1066 4050; x_wconf 81' lang='lat' dir='ltr'><strong>st</strong></span> <span class='ocrx_word' id='word_1_163' title='bbox 1090 4000 1158 4050; x_wconf 71' lang='lat' dir='ltr'><strong>tlibi.</strong></span> <span class='ocrx_word' id='word_1_164' title='bbox 1187 4001 1300 4059; x_wconf 68' lang='lat' dir='ltr'><strong>Peteona,</strong></span> <span class='ocrx_word' id='word_1_165' title='bbox 1324 4001 1384 4052; x_wconf 81' lang='lat' dir='ltr'><strong>edit.</strong></span> <span class='ocrx_word' id='word_1_166' title='bbox 1404 4004 1496 4052; x_wconf 76' lang='lat' dir='ltr'><strong>Benns.</strong></span> <span class='ocrx_word' id='word_1_167' title='bbox 1519 4012 1545 4053; x_wconf 83' lang='lat' dir='ltr'><strong>et</strong></span> 
     </span>
     <span class='ocr_line' id='line_1_24' title="bbox 490 4071 1279 4140; baseline 0.003 -17"><span class='ocrx_word' id='word_1_168' title='bbox 490 4074 578 4140; x_wconf 75' lang='lat' dir='ltr'><strong>empto,</strong></span> <span class='ocrx_word' id='word_1_169' title='bbox 592 4072 633 4139; x_wconf 85' lang='lat' dir='ltr'><strong>qui</strong></span> <span class='ocrx_word' id='word_1_170' title='bbox 649 4073 726 4123; x_wconf 84' lang='lat' dir='ltr'><strong>solent</strong></span> <span class='ocrx_word' id='word_1_171' title='bbox 741 4072 836 4121; x_wconf 73' lang='lat' dir='ltr'><strong>veniam</strong></span> <span class='ocrx_word' id='word_1_172' title='bbox 851 4071 992 4120; x_wconf 70' lang='lat' dir='ltr'><strong>mortalibus</strong></span> <span class='ocrx_word' id='word_1_173' title='bbox 1042 4074 1155 4124; x_wconf 75' lang='lat' dir='ltr'><strong>Pontum.</strong></span> <span class='ocrx_word' id='word_1_174' title='bbox 1188 4075 1279 4125; x_wconf 81' lang='grc' dir='ltr'><strong>Βυιυι.</strong></span> 
     </span>
     <span class='ocr_line' id='line_1_25' title="bbox 491 4144 1544 4210; baseline 0 -12"><span class='ocrx_word' id='word_1_175' title='bbox 491 4148 636 4198; x_wconf 79' lang='lat' dir='ltr'><strong>concedere:</strong></span> <span class='ocrx_word' id='word_1_176' title='bbox 666 4155 716 4203; x_wconf 85' lang='lat' dir='ltr'><strong>sut,</strong></span> <span class='ocrx_word' id='word_1_177' title='bbox 733 4144 773 4210; x_wconf 79' lang='lat' dir='ltr'><strong>qui</strong></span> <span class='ocrx_word' id='word_1_178' title='bbox 794 4144 872 4210; x_wconf 81' lang='lat' dir='ltr'><strong>magis</strong></span> <span class='ocrx_word' id='word_1_179' title='bbox 892 4145 992 4210; x_wconf 81' lang='lat' dir='ltr'><strong>prosint,</strong></span> <span class='ocrx_word' id='word_1_180' title='bbox 1075 4148 1117 4197; x_wconf 80' lang='grc'><strong>36.</strong></span> <span class='ocrx_word' id='word_1_181' title='bbox 1138 4147 1170 4196; x_wconf 80' lang='lat' dir='ltr'><strong>Ur</strong></span> <span class='ocrx_word' id='word_1_182' title='bbox 1184 4150 1260 4198; x_wconf 74' lang='lat' dir='ltr'><strong>oium</strong></span> <span class='ocrx_word' id='word_1_183' title='bbox 1273 4150 1348 4198; x_wconf 74' lang='lat' dir='ltr'><strong>modio</strong></span> <span class='ocrx_word' id='word_1_184' title='bbox 1361 4151 1434 4198; x_wconf 75' lang='lat' dir='ltr'><strong>tristis</strong></span> <span class='ocrx_word' id='word_1_185' title='bbox 1447 4150 1473 4197; x_wconf 76' lang='lat' dir='ltr'><strong>in</strong></span> <span class='ocrx_word' id='word_1_186' title='bbox 1487 4152 1544 4198; x_wconf 68' lang='lat' dir='ltr'><strong>«rte</strong></span> 
     </span>
     <span class='ocr_line' id='line_1_26' title="bbox 491 4214 1544 4287; baseline -0.001 -15"><span class='ocrx_word' id='word_1_187' title='bbox 491 4238 564 4287; x_wconf 78' lang='lat' dir='ltr'><strong>quum</strong></span> <span class='ocrx_word' id='word_1_188' title='bbox 584 4222 672 4271; x_wconf 79' lang='lat' dir='ltr'><strong>obsint.</strong></span> <span class='ocrx_word' id='word_1_189' title='bbox 712 4219 744 4267; x_wconf 82' lang='lat' dir='ltr'><strong>Et</strong></span> <span class='ocrx_word' id='word_1_190' title='bbox 761 4221 814 4280; x_wconf 78' lang='lat' dir='ltr'><strong>ipse.</strong></span> <span class='ocrx_word' id='word_1_191' title='bbox 841 4216 921 4266; x_wconf 81' lang='lat' dir='ltr'><strong>Etim</strong></span> <span class='ocrx_word' id='word_1_192' title='bbox 940 4217 992 4283; x_wconf 80' lang='lat' dir='ltr'><strong>ipso</strong></span> <span class='ocrx_word' id='word_1_193' title='bbox 1042 4222 1210 4286; x_wconf 63' lang='lat' dir='ltr'><strong>meatuum]</strong></span> <span class='ocrx_word' id='word_1_194' title='bbox 1228 4214 1544 4282; x_wconf 51' lang='lat' dir='ltr'><strong>missorestitntionen</strong></span> 
     </span>
     <span class='ocr_line' id='line_1_27' title="bbox 481 4291 1280 4362; baseline -0.001 -17"><span class='ocrx_word' id='word_1_195' title='bbox 481 4299 622 4362; x_wconf 67' lang='lat' dir='ltr'><strong>Angustus.</strong></span> <span class='ocrx_word' id='word_1_196' title='bbox 657 4293 698 4342; x_wconf 75' lang='lat' dir='ltr'><strong>Est</strong></span> <span class='ocrx_word' id='word_1_197' title='bbox 716 4307 854 4340; x_wconf 69' lang='lat' dir='ltr'><strong>oeceourus.</strong></span> <span class='ocrx_word' id='word_1_198' title='bbox 877 4291 921 4338; x_wconf 83' lang='lat' dir='ltr'><strong>Est</strong></span> <span class='ocrx_word' id='word_1_199' title='bbox 937 4306 991 4356; x_wconf 85' lang='lat' dir='ltr'><strong>per·</strong></span> <span class='ocrx_word' id='word_1_200' title='bbox 1042 4295 1280 4362; x_wconf 71' lang='lat' dir='ltr'><strong>menminpntrism.</strong></span> 
     </span>
     <span class='ocr_line' id='line_1_28' title="bbox 491 4364 1544 4432; baseline -0.002 -12"><span class='ocrx_word' id='word_1_201' title='bbox 491 4379 603 4420; x_wconf 83' lang='lat' dir='ltr'><strong>venturus</strong></span> <span class='ocrx_word' id='word_1_202' title='bbox 612 4368 637 4417; x_wconf 89' lang='lat' dir='ltr'><strong>in</strong></span> <span class='ocrx_word' id='word_1_203' title='bbox 647 4379 771 4415; x_wconf 83' lang='lat' dir='ltr'><strong>numerum</strong></span> <span class='ocrx_word' id='word_1_204' title='bbox 782 4364 897 4412; x_wconf 82' lang='lat' dir='ltr'><strong>Deorum.</strong></span> <span class='ocrx_word' id='word_1_205' title='bbox 1075 4371 1117 4418; x_wconf 80' lang='lat'><strong>³8.</strong></span> <span class='ocrx_word' id='word_1_206' title='bbox 1138 4369 1194 4418; x_wconf 76' lang='lat' dir='ltr'><strong>Vota</strong></span> <span class='ocrx_word' id='word_1_207' title='bbox 1214 4368 1335 4432; x_wconf 65' lang='lat' dir='ltr'><strong>mundo]</strong></span> <span class='ocrx_word' id='word_1_208' title='bbox 1363 4367 1462 4417; x_wconf 81' lang='lat' dir='ltr'><strong>Mureti.</strong></span> <span class='ocrx_word' id='word_1_209' title='bbox 1483 4368 1544 4417; x_wconf 77' lang='lat' dir='ltr'><strong>Sunt</strong></span> 
     </span>
     <span class='ocr_line' id='line_1_29' title="bbox 522 4438 1543 4509; baseline -0.003 -17"><span class='ocrx_word' id='word_1_210' title='bbox 522 4444 563 4493; x_wconf 77' lang='grc'><strong>30.</strong></span> <span class='ocrx_word' id='word_1_211' title='bbox 581 4442 718 4505; x_wconf 57' lang='lat' dir='ltr'><strong>compunt</strong></span> <span class='ocrx_word' id='word_1_212' title='bbox 728 4439 793 4487; x_wconf 77' lang='lat' dir='ltr'><strong>ornis</strong></span> <span class='ocrx_word' id='word_1_213' title='bbox 803 4438 873 4499; x_wconf 79' lang='lat' dir='ltr'><strong>plora</strong></span> <span class='ocrx_word' id='word_1_214' title='bbox 886 4438 991 4502; x_wconf 76' lang='lat' dir='ltr'><strong>rogando</strong></span> <span class='ocrx_word' id='word_1_215' title='bbox 1041 4443 1147 4493; x_wconf 75' lang='lat' dir='ltr'><strong>secunda</strong></span> <span class='ocrx_word' id='word_1_216' title='bbox 1162 4452 1215 4509; x_wconf 82' lang='lat' dir='ltr'><strong>post</strong></span> <span class='ocrx_word' id='word_1_217' title='bbox 1231 4442 1307 4509; x_wconf 75' lang='lat' dir='ltr'><strong>prims</strong></span> <span class='ocrx_word' id='word_1_218' title='bbox 1324 4457 1379 4491; x_wconf 78' lang='lat' dir='ltr'><strong>mes</strong></span> <span class='ocrx_word' id='word_1_219' title='bbox 1396 4450 1468 4500; x_wconf 65' lang='lat' dir='ltr'><strong>vom</strong></span> <span class='ocrx_word' id='word_1_220' title='bbox 1488 4456 1543 4506; x_wconf 70' lang='lat' dir='ltr'><strong>quo</strong></span> 
     </span>
     <span class='ocr_line' id='line_1_30' title="bbox 489 4510 1544 4582; baseline -0.001 -18"><span class='ocrx_word' id='word_1_221' title='bbox 489 4516 586 4579; x_wconf 67' lang='lat' dir='ltr'><strong>petam]</strong></span> <span class='ocrx_word' id='word_1_222' title='bbox 605 4515 674 4564; x_wconf 82' lang='lat' dir='ltr'><strong>Forte</strong></span> <span class='ocrx_word' id='word_1_223' title='bbox 682 4510 810 4577; x_wconf 78' lang='lat' dir='ltr'><strong>scripserit,</strong></span> <span class='ocrx_word' id='word_1_224' title='bbox 819 4512 890 4574; x_wconf 80' lang='lat' dir='ltr'><strong>ptura</strong></span> <span class='ocrx_word' id='word_1_225' title='bbox 906 4528 990 4577; x_wconf 77' lang='lat' dir='ltr'><strong>rogan·</strong></span> <span class='ocrx_word' id='word_1_226' title='bbox 1041 4524 1105 4574; x_wconf 84' lang='lat' dir='ltr'><strong>sunt,</strong></span> <span class='ocrx_word' id='word_1_227' title='bbox 1119 4515 1194 4582; x_wconf 89' lang='lat' dir='ltr'><strong>primo</strong></span> <span class='ocrx_word' id='word_1_228' title='bbox 1207 4524 1234 4565; x_wconf 85' lang='lat' dir='ltr'><strong>ut</strong></span> <span class='ocrx_word' id='word_1_229' title='bbox 1244 4530 1341 4564; x_wconf 84' lang='lat' dir='ltr'><strong>revocer</strong></span> <span class='ocrx_word' id='word_1_230' title='bbox 1355 4514 1386 4563; x_wconf 72' lang='lat' dir='ltr'><strong>nh</strong></span> <span class='ocrx_word' id='word_1_231' title='bbox 1400 4513 1495 4571; x_wconf 79' lang='lat' dir='ltr'><strong>exsilio,</strong></span> <span class='ocrx_word' id='word_1_232' title='bbox 1506 4529 1544 4563; x_wconf 79' lang='lat' dir='ltr'><strong>se·</strong></span> 
     </span>
     <span class='ocr_line' id='line_1_31' title="bbox 491 4585 1366 4656; baseline -0.002 -17"><span class='ocrx_word' id='word_1_233' title='bbox 491 4593 522 4640; x_wconf 77' lang='lat' dir='ltr'><strong>do</strong></span> <span class='ocrx_word' id='word_1_234' title='bbox 531 4588 621 4656; x_wconf 67' lang='lat' dir='ltr'><strong>stram,</strong></span> <span class='ocrx_word' id='word_1_235' title='bbox 635 4603 679 4653; x_wconf 86' lang='lat' dir='ltr'><strong>pro</strong></span> <span class='ocrx_word' id='word_1_236' title='bbox 693 4586 822 4647; x_wconf 74' lang='lat' dir='ltr'><strong>obtineb05</strong></span> <span class='ocrx_word' id='word_1_237' title='bbox 839 4594 864 4634; x_wconf 85' lang='lat' dir='ltr'><strong>et</strong></span> <span class='ocrx_word' id='word_1_238' title='bbox 878 4585 912 4635; x_wconf 73' lang='lat' dir='ltr'><strong>its</strong></span> <span class='ocrx_word' id='word_1_239' title='bbox 921 4586 991 4651; x_wconf 76' lang='lat' dir='ltr'><strong>serre</strong></span> <span class='ocrx_word' id='word_1_240' title='bbox 1041 4589 1154 4641; x_wconf 84' lang='lat' dir='ltr'><strong>cundout</strong></span> <span class='ocrx_word' id='word_1_241' title='bbox 1164 4600 1190 4638; x_wconf 82' lang='lat' dir='ltr'><strong>tu</strong></span> <span class='ocrx_word' id='word_1_242' title='bbox 1200 4588 1250 4655; x_wconf 77' lang='lat' dir='ltr'><strong>ipse</strong></span> <span class='ocrx_word' id='word_1_243' title='bbox 1260 4587 1366 4639; x_wconf 76' lang='lat' dir='ltr'><strong>exsules.</strong></span> 
     </span>
    </p>
   </div>
   <div class='ocr_carea' id='block_1_8' title="bbox 1773 4620 1775 4785">
    <p class='ocr_par' dir='ltr' id='par_1_16' title="bbox 1773 4620 1775 4785">
     <span class='ocr_line' id='line_1_32' title="bbox 1774 4620 1775 4677; baseline 0 0"><span class='ocrx_word' id='word_1_244' title='bbox 1774 4620 1775 4677; x_wconf 77' lang='lat' dir='ltr'><strong>i</strong></span> 
     </span>
     <span class='ocr_line' id='line_1_33' title="bbox 1773 4682 1775 4785; baseline 0 0"><span class='ocrx_word' id='word_1_245' title='bbox 1773 4682 1775 4785; x_wconf 76' lang='lat' dir='ltr'><strong>i</strong></span> 
     </span>
    </p>
   </div>
   <div class='ocr_carea' id='block_1_9' title="bbox 0 0 1820 5967">
    <p class='ocr_par' dir='ltr' id='par_1_17' title="bbox 0 0 1820 5967">
     <span class='ocr_line' id='line_1_34' title="bbox 0 0 1820 5967; baseline 0 0"><span class='ocrx_word' id='word_1_246' title='bbox 0 0 1820 5967; x_wconf 95' lang='lat' dir='ltr'><strong> </strong></span> 
     </span>
    </p>
   </div>
  </div>
 </body>
</html>
