3609 5967
396 775 467 843 EX
490 772 653 843 ΡΟΝΤΟ
678 770 770 836 LIB.
795 769 845 835 11.
869 770 1017 835 EPIST.
1041 770 1146 836 VIII.
1233 772 1298 841 ⁴27

246 952 348 1038 Quid
366 950 504 1025 nostris
521 945 654 1034 oculis,
674 944 744 1018 nisi
764 943 846 1017 sola
862 943 1005 1043 palatia
1021 944 1186 1019 desunt?

297 1066 373 1153 Qui
390 1068 510 1151 locus,
529 1064 657 1138 ablato
677 1060 843 1149 Caesarc,
861 1060 945 1134 vilis
963 1062 1046 1135 erit.

250 1183 362 1259 Hunc
379 1206 451 1280 ego
469 1204 589 1279 quum
607 1189 790 1277 spectem,
801 1177 930 1251 videor
943 1176 1035 1251 mibi
1053 1200 1208 1253 cernere
1222 1177 1299 1253 Ro-

300 1299 400 1374 Nam
418 1297 549 1397 patriae
567 1295 702 1370 faciem
721 1295 885 1369 sustinet
899 1294 964 1370 ille
982 1318 1072 1369 sure.
1113 1346 1116 1355 ψ
1160 1298 1300 1391 [mamz

251 1414 401 1491 Fallorl
427 1438 476 1489 au
493 1414 580 1488 irati
597 1411 690 1487 mibi
709 1421 798 1485 sunt
814 1411 854 1485 in
870 1410 1035 1508 imagine
1052 1412 1192 1498 vultus,
1253 1414 1298 1485 21

298 1531 498 1630 Torvaque
516 1529 647 1605 nescio
665 1528 758 1627 quid
776 1527 896 1603 forma
913 1527 1092 1603 minantis
1110 1528 1250 1603 habet?

248 1648 384 1735 Parce,
401 1647 459 1723 rir
475 1646 660 1721 immenso
677 1644 799 1742 major
814 1644 1017 1718 virtutibus
1035 1645 1139 1731 orbe,

298 1763 322 1838 J
326 1775 488 1862 uslaque
504 1762 682 1836 vindictae
701 1760 893 1861 supprime
913 1761 994 1835 lora
1011 1770 1099 1865 tuae.

251 1880 386 1967 Parce,
405 1903 551 1980 precor,
570 1878 672 1951 saecli
692 1876 810 1953 decus
828 1876 1031 1951 indelebile
1049 1873 1189 1965 nostri;
1253 1878 1302 1949 25

300 1995 499 2071 Terrarum
516 1994 711 2069 dominum
729 2018 843 2094 quem
862 2018 932 2087 sua
949 2016 1040 2067 cura
1056 1991 1158 2067 facit.
1212 2010 1216 2017 '

251 2112 327 2186 Per
345 2111 474 2210 patriae
494 2133 644 2197 nomen,
663 2134 749 2208 quse
766 2120 805 2185 te
823 2110 892 2184 tibi
910 2110 1031 2185 carior
1048 2110 1133 2208 ipso
1151 2119 1222 2195 est,

301 2227 378 2301 Per
395 2250 592 2325 nunquam
609 2226 744 2300 surdos
762 2226 802 2299 in
819 2236 886 2300 tua
902 2235 991 2300 vola
1009 2224 1134 2314 Deos;

252 2343 404 2441 Perque
421 2344 493 2417 tori
512 2342 666 2429 sociam,
687 2366 772 2439 quae
789 2366 859 2441 par
876 2341 945 2415 tibi
967 2341 1049 2415 sola
1066 2350 1215 2440 reperta
1232 2350 1304 2428 est,
1385 2441 1387 2447 Ι

302 2458 355 2533 Et
371 2458 434 2533 cui
452 2460 631 2557 majestas
649 2482 724 2531 non
742 2480 904 2531 onerosa
920 2464 987 2531 tu'a
1004 2465 1080 2544 est;
1256 2462 1306 2530 30

251 2576 406 2674 Perque
423 2575 492 2649 tibi
511 2574 673 2649 similem
690 2572 838 2648 virtutis
856 2571 1023 2669 imagine
1041 2581 1187 2659 natum,

302 2690 476 2771 Moribus
494 2689 649 2785 agnosci
667 2689 734 2786 qui
752 2699 842 2763 tuus
860 2712 946 2763 esse
964 2699 1112 2787 potest;
1221 2708 1227 2721 ·

250 2806 404 2904 Perque
422 2818 508 2883 tuos
526 2806 584 2881 vel
600 2831 681 2895 avo,
700 2806 760 2880 vel
777 2805 913 2903 dignos
931 2815 1040 2905 patre
1058 2815 1230 2902 nepotes,

303 2920 379 3007 Qui
396 2922 553 2995 veniunt
570 2945 708 3019 magno
725 2945 793 3020 per
811 2931 876 2995 tua
890 2931 979 2995 vota
997 2920 1137 3017 gradu3

253 3037 369 3111 Parte
383 3037 485 3111 leves
500 3036 656 3112 minima
668 3047 816 3110 nostras
831 3046 871 3111 et
883 3037 1064 3111 contrahe
1076 3059 1226 3135 poenas,
1255 3039 1304 3109 35

304 3152 454 3251 Daque,
463 3153 598 3252 procul
617 3139 883 3252 Scythico'qui
896 3152 947 3225 sit
965 3153 1013 3224 ab
1031 3151 1153 3239 hoste,
1164 3153 1303 3225 locum.

253 3266 305 3343 Et
319 3278 398 3354 tua,
418 3268 451 3342 si
469 3267 526 3341 fas
542 3279 616 3355 est,
635 3290 660 3341 a
677 3266 830 3341 Gaesare
849 3267 1023 3366 proxime
1043 3265 1186 3353 Caesar,

286 3472 290 3480 ⁴
308 3383 477 3457 Numina
494 3383 571 3458 sint
587 3383 763 3482 precibus
782 3409 858 3459 non
875 3383 1029 3459 inimica
1044 3384 1153 3457 meis,

287 3585 326 3633 lu.
342 3586 425 3634 Ablata
435 3584 544 3649 Caura]
562 3584 753 3651 AmomAugm-
804 3586 959 3653 accipiamus,
971 3583 1040 3651 quasi
1055 3584 1129 3633 filium
1143 3582 1241 3633 nerim
1252 3584 1306 3633 Ca-

253 3659 365 3725 merja·
380 3658 507 3725 presentia
520 3658 757 3711 nobilitctRomm
804 3660 871 3719 sads,
888 3660 933 3710 boc
956 3668 1002 3717 ert,
1019 3657 1132 3723 Augusti,
1150 3657 1306 3724 adpellamm.

252 3731 474 3797 pelttia,etlotum
484 3734 577 3783 urbem.
648 3788 651 3795 Ι
805 3733 902 3783 Mrcur..
937 3734 1009 3782 Puer.
1041 3733 1113 3781 More
1143 3732 1238 3789 Greco,
1266 3730 1308 3797 qui

287 3807 330 3854 24.
347 3806 468 3869 Supprim
481 3806 579 3873 frena]
599 3806 690 3855 Coerce
710 3805 757 3853 ira·
804 3808 880 3857 etiam
899 3807 1002 3865 adultos,
1018 3796 1306 3873 railacvocnu13quod

253 3878 758 3947 mndiamtuamqusvideriscxardescere
807 3882 1033 3934 latinislamiliare.

255 3952 335 4003 adme
344 3954 454 4004 acerbius
464 3952 622 4021 puniendum.
657 3953 736 4003 Pour.
841 3958 926 4013 Pares,
946 3954 1048 4019 prason]
1083 3953 1123 4003 sic
1151 3954 1213 4003 bene
1239 3953 1308 4003 resti·

286 4030 327 4078 25.
345 4029 497 4092 Parceproer,
510 4031 571 4079 secli
585 4027 674 4091 dem]
695 4027 757 4075 Pru·
805 4031 853 4082 tuit
863 4030 977 4081 Heinsius
994 4046 1024 4080 ex
1040 4026 1089 4078 uiro
1100 4029 1231 4079 vossiano:
1251 4029 1307 4077 binc

254 4118 306 4151 rum
327 4104 475 4169 accipiamus
495 4120 543 4154 non
563 4102 641 4153 antis
666 4100 758 4151 mione
807 4106 904 4174 corruit!
919 4104 1023 4171 suspicio
1042 4102 1147 4168 Micylli,
1168 4103 1232 4169 qnod
1251 4111 1308 4153 aare

253 4176 355 4234 dictum,
367 4185 395 4226 ut
406 4178 508 4243 quijam
521 4193 595 4243 propo
608 4176 758 4242 quinquege-
806 4198 865 4244 ρων
882 4180 908 4228 h.
919 4196 942 4229 e.
953 4178 1063 4229 Tiberim
1079 4178 1210 4241 legebatur,
1220 4176 1256 4225 uti
1272 4186 1310 4226 ert

253 4252 333 4301 uarius
347 4262 421 4309 esser,
432 4268 508 4318 quum
524 4251 628 4301 Ovidium
640 4251 758 4315 relegare·
807 4270 903 4320 quoqne
913 4253 938 4302 in
949 4254 1036 4302 Bavar.
1045 4260 1071 4302 et
1081 4250 1169 4300 Erfurt.
1180 4265 1261 4300 versas
1271 4250 1308 4299 lu-

255 4335 309 4385 tnr3
324 4325 416 4375 sedvel
426 4336 521 4392 propter
531 4326 630 4393 picture
644 4324 757 4391 speciem,
808 4326 1029 4392 imemnspositos.
1062 4325 1178 4373 Hirrum.

255 4397 303 4455 rel,
314 4399 378 4463 quod
394 4400 547 4464 probabilius,
558 4408 683 4467 propterea
693 4398 758 4464 quod
840 4403 880 4451 80.
898 4402 931 4450 Er
948 4404 987 4449 cul
1003 4397 1127 4463 majam]
1145 4398 1177 4447 Et
1193 4412 1256 4463 qun,
1271 4396 1309 4447 in·

256 4486 331 4537 nuper
341 4471 401 4521 adeo
411 4481 464 4538 porr
475 4482 573 4523 monem
587 4474 616 4523 1.
626 4481 651 4522 et
662 4473 692 4523 C.
703 4472 758 4522 es-
807 4474 869 4542 quit,
886 4474 1038 4540 majestatem
1056 4482 1122 4522 tuam
1142 4478 1221 4537 polest
1238 4472 1307 4529 serre,

254 4560 334 4595 strum
350 4546 451 4604 scilicet,
461 4546 488 4596 in
500 4547 544 4595 lilii
559 4548 643 4597 locum
656 4548 688 4597 ab
704 4546 757 4597 Au·
809 4549 848 4598 vel
864 4564 918 4614 qne
935 4562 961 4597 re
975 4546 1072 4597 nutibus
1085 4546 1133 4595 tuis
1142 4544 1207 4596 bello
1217 4545 1308 4597 adtem-

255 4629 324 4684 gmlo
342 4620 470 4688 adoptatus
485 4621 575 4672 ruunt.
609 4623 643 4673 Ur
660 4636 760 4687 puerum
809 4630 886 4688 perer.
