3609 5967
460 767 527 831 212
757 762 797 827 P.
821 760 985 828 ovum
1007 739 1255 827 ussurus

466 938 633 1012 Credere
644 936 787 1033 juranti
801 935 939 1010 durum
955 944 1067 1032 putat
1083 957 1171 1008 esse
1186 931 1376 1021 Tibullus,

518 1052 582 1126 Sic
599 1051 713 1125 etiam
731 1052 778 1125 de
796 1076 838 1126 se
855 1051 960 1149 quod
978 1061 1092 1148 neget
1110 1051 1176 1124 illa
1191 1051 1283 1125 viro.

468 1168 613 1242 Fallere
630 1167 830 1242 custodem
847 1167 1002 1241 demum
1019 1166 1197 1241 docuisse
1214 1167 1364 1253 fatetur,

428 1292 434 1301 '
520 1283 648 1380 Seque
666 1306 736 1356 sua
751 1282 931 1355 miserum
950 1307 1050 1357 nunc
1067 1283 1121 1356 ait
1138 1294 1219 1357 arte
1237 1282 1378 1381 premi:
1442 1284 1518 1355 450

469 1397 582 1497 Saepe
597 1398 703 1471 velut
718 1421 907 1493 gemmam
925 1398 1086 1471 dominae
1105 1398 1302 1491 signumve
1319 1398 1515 1494 probaret3

518 1511 593 1586 Per
610 1535 764 1586 causam
782 1512 955 1585 meminit
972 1535 1014 1584 se
1032 1511 1205 1606 tetigisse
1223 1536 1389 1589 manum.

469 1627 601 1725 thue
619 1627 745 1714 relert,
763 1626 892 1723 digitis
911 1649 1015 1724 saepe
1032 1636 1092 1699 est
1108 1636 1281 1723 nutuque
1298 1628 1462 1712 locutus,

519 1741 570 1816 Et
586 1742 741 1816 tacitam
755 1764 898 1815 mensae
917 1740 1028 1814 duxit
1045 1740 1083 1812 in
1101 1741 1192 1814 orbe
1209 1751 1360 1815 notam:

468 1858 520 1933 Et
537 1859 676 1957 quibus
695 1882 716 1932 e
734 1858 859 1933 succis
878 1858 993 1931 abeat
1009 1857 1058 1931 de
1075 1880 1232 1955 corpore
1248 1857 1353 1945 livor,
1443 1858 1519 1929 455

519 1974 710 2073 lmpresso
727 1973 807 2047 fieri
827 1974 893 2070 qui
911 1973 1009 2047 solet
1027 1996 1103 2058 ore,
1122 1973 1247 2047 docet.

470 2091 647 2189 Denique
666 2092 714 2164 ab
733 2089 884 2164 incauto
902 2090 1059 2162 nimium
1074 2090 1173 2188 petit
1190 2087 1254 2162 ille
1271 2087 1419 2172 marito,

519 2206 571 2280 Se
589 2190 742 2304 quoque
761 2205 817 2278 uti
834 2215 970 2291 servet,
990 2213 1126 2303 peccet
1143 2214 1186 2275 ut
1203 2204 1269 2277 illa
1285 2203 1423 2275 minus.

470 2322 554 2395 Scit
570 2322 632 2395 cui
650 2321 817 2406 latretur,
835 2344 954 2417 quum
973 2320 1075 2392 solus
1089 2318 1309 2392 obambulat
1324 2317 1419 2417 ipse,
1452 2318 1456 2325 '

520 2437 600 2510 Cur
617 2437 731 2513 toties
749 2438 898 2510 clausas
917 2445 1093 2510 exscreet
1110 2445 1198 2509 ante
1215 2433 1335 2508 fores:
1443 2435 1519 2505 460

468 2543 672 2652 Multaque
690 2554 758 2627 dat
774 2552 863 2628 talis
879 2551 968 2626 lurti
988 2561 1190 2650 praecepta,
1209 2550 1398 2647 docetque

519 2668 607 2754 Qua
623 2680 751 2769 nuptae
769 2669 918 2770 'possint
934 2669 1063 2743 fallere
1082 2668 1130 2741 ab
1150 2676 1231 2741 arte
1247 2666 1358 2739 viros.

470 2785 554 2861 Nec
571 2786 643 2861 fuit
659 2788 730 2861 hoc
748 2786 804 2859 illi
822 2786 966 2875 fraudi;
996 2784 1210 2882 legiturque
1228 2781 1413 2868 Tibullus,

416 2928 425 2938 ·
521 2900 572 2976 Et
585 2904 733 3001 placet3
762 2912 803 2977 et
814 2904 895 2999 jam
914 2911 951 2975 te
970 2898 1140 2999 principe
1159 2908 1272 2971 notus
1291 2909 1383 2971 erat.

469 3014 645 3092 Invenies
663 3018 797 3092 eadem
814 3017 945 3091 blandi
960 3026 1152 3114 praecepta
1169 3012 1368 3117 Propertl;
1446 3016 1520 3089 465

520 3131 726 3208 Districtus
743 3134 900 3209 minima
916 3155 987 3207 nec
1005 3142 1132 3207 tamen
1151 3131 1214 3205 ille
1232 3140 1323 3204 nota
1338 3139 1411 3205 est.

402 3232 409 3247 ’
470 3246 543 3320 His
561 3272 633 3345 ego
651 3249 830 3336 successi,
850 3248 1028 3346 quoniam
1045 3248 1264 3347 proestantia
1281 3247 1422 3321 candor

523 3360 688 3438 Nomina
703 3366 871 3439 vivorum
887 3364 1125 3438 dissimulare
1138 3364 1263 3460 jubet.

472 3624 636 3675 Marcellinus.
679 3625 776 3675 Seuius
796 3626 879 3675 scribit
905 3628 974 3677 illum
1024 3626 1105 3677 multis
1119 3626 1189 3676 docet
1205 3626 1329 3693 exemplis,
1348 3629 1435 3675 lutam
1450 3626 1522 3675 etiam

471 3699 758 3764 forojulianensium,
777 3699 975 3765 “sustulisseque
1024 3717 1105 3766 regere
1127 3716 1209 3750 casum
1227 3710 1354 3765 quartum
1378 3711 1405 3750 ut
1422 3701 1522 3751 Plautus

473 3770 499 3818 in
513 3772 625 3820 Latinum
640 3770 831 3837 Euphorionem:
848 3780 874 3820 et
888 3772 920 3821 de
930 3772 973 3821 Ci·
1023 3773 1361 3824 russilionensium.

472 3842 564 3891 therids
570 3844 694 3893 Volumuii
701 3844 794 3903 liberta,
800 3854 974 3903 etuseunruta,
1058 3848 1136 3897 Etiam
1146 3864 1198 3896 mse
1209 3864 1244 3895 ms
1255 3848 1346 3896 latrant
1353 3850 1434 3897 canes?

472 3930 546 3981 quum
561 3918 682 3981 Lycorida
697 3919 835 3984 appellarit,
851 3918 975 3985 scn'psisss
1381 3922 1494 3972 iliacus.

404 4036 410 4043 ,
471 3988 545 4038 libros
555 3998 663 4054 quatuor.
695 3993 785 4041 Huius.
1058 3994 1116 4043 464.
1135 3994 1523 4059 Etjamrsprtnclpsnormmr.]

507 4066 563 4112 451.
579 4064 642 4126 Seps
658 4068 723 4114 relat
740 4064 874 4130 gessum]
892 4064 924 4112 Id
940 4067 977 4114 itu
1025 4067 1200 4117 Arondelianus
1211 4084 1252 4133 pro
1263 4068 1356 4117 diversa
1366 4068 1524 4117 lectionemo-

474 4138 646 4189 esseTibullus
656 4140 752 4197 cecinit,
760 4143 789 4189 L.
798 4140 816 4189 i.
827 4138 866 4188 El.
878 4139 901 4187 7.
912 4154 974 4188 vers.
1026 4151 1077 4190 tus.-
1102 4142 1160 4207 puito
1179 4152 1248 4191 nanu
1269 4141 1410 4207 sratsqucd
1431 4157 1524 4191 venum.

474 4214 567 4278 25,sq:
1026 4215 1106 4264 Natus
1131 4214 1194 4264 enirn
1214 4215 1322 4265 Tibullus
1345 4214 1428 4264 eodem
1452 4231 1525 4275 suno,

509 4286 571 4351 Seps
587 4288 650 4336 uelut
662 4302 762 4352 gausum
774 4289 831 4349 (lus,
841 4289 977 4351 signumque
1025 4304 1073 4353 quo
1095 4288 1196 4350 Noster;
1220 4288 1289 4338 cusis
1307 4288 1440 4337 Mutinensi
1461 4290 1526 4339 bello

571 4364 696 4425 probum,
1025 4360 1104 4410 Hirtio
1116 4367 1141 4409 et
1151 4361 1231 4411 Pausa
1241 4361 1385 4419 consulibus,
1396 4362 1438 4426 qui
1449 4378 1526 4413 nunus

510 4435 557 4484 Per
565 4453 657 4485 causan
666 4438 757 4485 nemim
771 4451 806 4482 ms
816 4436 916 4501 tetigisse
926 4452 975 4481 mn·
1026 4436 1057 4483 ub
1071 4436 1128 4485 urbe
1142 4436 1238 4486 conditu
1251 4436 1476 4502 septingentesimus
1485 4435 1526 4486 de·

573 4528 637 4560 uuus.
1027 4508 1120 4569 cimus,
1139 4507 1288 4559 triumviratu
1306 4510 1430 4559 luctuosus
1444 4525 1473 4559 uc
1489 4510 1525 4559 lu·

511 4584 567 4632 ⁴59.
586 4584 653 4649 Gal]
671 4580 784 4634 Heinsius
800 4580 877 4640 malit,
888 4586 937 4647 qul,
953 4591 978 4632 et
1027 4590 1119 4633 nectus.
