3609 5967
441 774 485 841 ⁷8
597 801 602 813 ¹
732 772 771 837 Ρ.
794 768 957 839 OVIDII
980 770 1191 837 NASONIS

444 947 522 1023 Sed
532 946 649 1021 semel
658 956 851 1020 estcustus
861 946 1014 1043 longum
1024 944 1266 1019 redimendus
1276 945 1315 1018 in
1322 969 1482 1021 annum:

493 1062 606 1161 Saepe
624 1062 741 1149 dabit,
761 1060 907 1136 dederit
923 1084 1019 1158 quas
1037 1060 1167 1146 semel,
1185 1060 1249 1135 ille
1265 1084 1412 1136 manus.

443 1176 609 1263 Questus
627 1201 729 1251 erem
747 1177 934 1274 (memini)
951 1177 1175 1252 metuendos
1191 1199 1277 1253 esee
1294 1178 1466 1254 sodales:

493 1294 530 1368 N
532 1318 581 1367 on
598 1295 719 1391 tangit
736 1295 835 1369 solos
852 1295 926 1368 ista
939 1292 1093 1391 querele
1108 1292 1219 1366 viros.
1408 1298 1483 1367 660

444 1408 609 1485 Credula
626 1410 658 1482 si
675 1409 800 1498 lireris,
819 1410 902 1485 aliae
919 1420 986 1484 tue
1002 1409 1140 1506 gaudia
1155 1420 1332 1507 cerpent3

493 1524 545 1600 Et
560 1526 668 1624 lepus
686 1526 746 1599 hic
765 1525 848 1599 aliis
865 1525 1116 1623 exagitandus
1132 1523 1216 1599 erit.

443 1638 537 1715 Haec
556 1664 719 1739 quoque,
734 1664 821 1739 quae
837 1641 984 1739 praebet
996 1641 1137 1715 lectum
1153 1638 1323 1713 studiose
1338 1639 1480 1713 locum-

492 1756 616 1832 Orede
633 1755 737 1843 mihi,
756 1778 907 1830 meeum
923 1778 1000 1829 non
1017 1755 1135 1830 semel
1151 1754 1217 1829 illa
1231 1753 1317 1829 fuit.
1364 1755 1478 1851 [que3

443 1871 480 1945 N
482 1896 526 1947 ee
544 1870 698 1945 nimium
715 1871 821 1945 vobis
838 1869 1003 1944 formosa
1018 1869 1155 1944 ancille
1170 1868 1378 1943 ministret:
1406 1874 1482 1943 665

493 1986 606 2087 Srepe
620 1987 742 2061 vicem
759 1985 921 2061 dominoe
935 1985 1113 2084 prestitit
1128 1983 1193 2058 illu
1209 1983 1314 2057 mihi.

442 2101 528 2188 Quo
544 2101 641 2177 feror
654 2101 825 2191 insanus3
849 2101 941 2199 quid
959 2110 1090 2199 aperto
1106 2109 1259 2199 pectore
1276 2097 1315 2171 in
1332 2098 1482 2174 hostem

493 2216 530 2290 N
532 2216 627 2306 itor;
656 2226 695 2290 et
711 2215 850 2291 indicio
868 2215 1005 2315 prodor
1022 2217 1069 2290 ab
1087 2214 1169 2315 ipse
1186 2214 1296 2289 meol

443 2331 480 2405 N
482 2356 531 2406 on
548 2331 625 2405 evis
643 2331 852 2430 aucupibus
869 2341 1067 2417 monstret,
1086 2332 1165 2427 qud
1182 2338 1290 2429 parte
1307 2338 1478 2429 petatur:

491 2445 529 2521 N
531 2471 580 2521 on
597 2447 710 2522 docet
726 2446 881 2523 infestas
898 2468 1047 2521 currere
1064 2468 1175 2519 cerva
1190 2468 1317 2519 canes.
1406 2450 1480 2519 670

441 2562 588 2638 Viderit
603 2561 745 2637 utilitas
760 2590 770 2652 ;
798 2571 989 2662 precepta
1004 2559 1166 2636 fideliter
1181 2559 1304 2635 edam.

491 2677 680 2753 Lemniasi
697 2680 842 2776 gladios
860 2679 900 2752 in
917 2701 1002 2753 mea
1018 2677 1097 2752 futu
1112 2675 1224 2750 dubo.

442 2790 589 2869 Efficite
606 2794 663 2891 (et
679 2792 788 2869 facile
804 2792 882 2889 eet)
899 2804 943 2867 ut
958 2816 1027 2868 nos
1043 2791 1241 2867 credemus
1258 2788 1397 2865 amari:

490 2907 616 2984 Prona
631 2909 733 2984 venit
748 2910 897 3010 cupidis
907 2910 946 2983 in
964 2919 1138 2985 sue-vote
1153 2907 1261 2983 fides.

441 3022 599 3123 Spectet
615 3025 811 3100 amabilius
824 3027 1023 3122 juvenem3
1052 3023 1216 3125 suspiret
1232 3023 1280 3097 eb
1298 3023 1373 3095 imo
1403 3026 1478 3096 675

491 3136 663 3228 Femina;
691 3148 769 3213 turn
787 3163 869 3214 sero
883 3164 951 3213 cur
966 3138 1168 3237 veniatque
1185 3149 1303 3236 roget.

441 3251 637 3328 Accedant
652 3254 828 3346 lacrimae,
849 3256 954 3330 dulor
970 3268 1010 3331 et
1025 3256 1074 3331 de
1090 3256 1226 3357 pellice
1242 3254 1377 3329 fictus:

492 3366 544 3441 Et
560 3368 675 3444 leniet
690 3369 819 3467 digitis
837 3372 937 3447 illius
954 3396 1020 3449 ora
1038 3373 1129 3447 suis.

475 3638 532 3688 663.
556 3637 612 3693 erae
629 3643 714 3702 prebet
734 3642 816 3691 lectum
835 3644 935 3693 endon
1016 3642 1073 3692 677.
1090 3640 1428 3705 Dolonetdepellieefietue]
1440 3640 1479 3690 De

441 3712 576 3776 ωυρμ]
589 3712 710 3778 Quicquid
716 3731 758 3781 pm
766 3715 864 3781 vulgate
871 3723 935 3765 eleut
984 3714 1074 3766 Pelliee
1082 3714 1375 3780 intelligeuonmeriti,ut
1385 3714 1481 3763 Merula

440 3782 495 3847 libri
505 3793 603 3844 vererer,
615 3786 706 3835 scribe:
984 3805 1100 3856 exponere
1109 3789 1261 3847 ridetur,red
1275 3787 1395 3845 emeterio,
1405 3803 1481 3853 eoque

476 3857 521 3907 Oui
535 3860 617 3922 praelree
634 3862 717 3909 lectum
737 3864 836 3911 eruditu
851 3865 935 3913 locun-
985 3862 1199 3927 eddituretfictur‚
1209 3871 1234 3911 et
1244 3877 1309 3919 mox,
1320 3863 1391 3911 lurein
1403 3863 1481 3927 digitis

579 3950 632 3996 que.
984 3938 1049 3985 tutus
1064 3954 1105 3987 ore
1118 3939 1174 3994 wir,
1189 3934 1257 4001 queri
1272 3950 1326 4001 quo
1343 3935 1412 3985 illum
1429 3952 1481 3985 eur·

442 4004 489 4054 Vel
491 4002 623 4069 fuerimque.
651 4006 937 4075 Tergitvioletilroepitii
985 4009 1186 4075 peetumlreherr.
1203 4010 1299 4058 Mrcrr..
1324 4007 1482 4059 Sedeifietue

440 4074 598 4142 reerilegium.
614 4079 704 4130 Hrrrre.
730 4080 835 4146 volgata
843 4098 890 4132 non
900 4090 938 4132 eet
984 4082 1026 4131 ille
1035 4082 1102 4132 dolor
1112 4083 1152 4140 eit,
1163 4090 1218 4150 epte
1229 4080 1353 4147 tegendus,
1363 4096 1394 4131 ne
1404 4097 1479 4148 eppe·

440 4149 606 4201 eollieiteode:
623 4152 666 4203 ille
680 4153 764 4212 eunice,
779 4154 810 4203 ad
825 4170 896 4220 quem
910 4163 938 4205 ut
985 4165 1035 4206 reet
1048 4156 1175 4214 rimuletio,
1191 4164 1218 4205 et
1233 4172 1275 4206 eur
1292 4172 1339 4205 uon
1354 4169 1434 4204 rerum
1449 4154 1480 4206 de

441 4240 529 4290 egram
539 4224 639 4276 inrisere
652 4227 743 4276 solebut
752 4242 813 4285 mer,
824 4235 850 4277 ut
860 4228 937 4278 virum
984 4228 1070 4295 pellice
1077 4229 1188 4279 amatorie
1197 4228 1235 4278 rui
1241 4228 1344 4278 dolorem
1351 4228 1480 4294 preferret,

441 4300 541 4356 falleret,
556 4306 581 4348 et
595 4316 649 4365 que
666 4300 755 4351 lectum
771 4310 796 4350 et
809 4301 889 4351 locum
904 4300 937 4351 ed
985 4318 1041 4351 eum
1051 4318 1133 4353 revere
1142 4320 1190 4353 non
1199 4311 1280 4353 ment
1291 4302 1376 4368 puelle
1387 4301 1419 4351 eb
1433 4301 1482 4352 elie

443 4380 532 4422 mooe
546 4386 636 4423 morer
650 4374 778 4439 preberet
793 4375 936 4433 commodet,
985 4376 1060 4427 terreri
1071 4393 1140 4427 uuum
1156 4379 1302 4427 emetereml
1316 4376 1408 4442 egregie
1424 4392 1482 4442 ergo

442 4454 470 4495 ut
477 4462 548 4512 rupta
556 4448 613 4496 641.
626 4446 695 4506 dixit,
706 4462 769 4513 eope
779 4464 873 4499 mecum
883 4450 936 4507 ruit,
986 4449 1110 4501 Peletiuur
1119 4458 1144 4499 et
1152 4459 1253 4516 quotuor
1263 4450 1315 4501 elii:

441 4528 466 4571 et
479 4535 527 4569 nou
540 4519 617 4571 ollieiu
633 4530 734 4579 tentum,
746 4522 787 4571 sed
801 4530 826 4572 et
841 4538 937 4589 corpore
1020 4526 1135 4575 dordone
1144 4527 1250 4585 Ιααὶσιι,
1259 4526 1482 4588 perstrepente«

441 4593 540 4660 pleeuit.
570 4595 659 4645 Burri.
1051 4608 1147 4664 quamue.
1361 4599 1449 4650 Bru.
