3609 5967
456 787 526 853 Ex
549 786 711 852 ΡΟΝΊὉ
736 785 827 852 LIB.
852 786 881 851 1.
899 785 1047 852 EPIST.
1070 787 1119 852 11.

1246 791 1311 856 861

268 959 347 1034 Aut
363 961 457 1058 quid
475 961 710 1035 Saurometoe
724 960 876 1047 faciant,
896 961 989 1058 quid
1008 959 1168 1059 Iazyges
1187 985 1306 1050 acres,

319 1077 510 1176 Cultaque
530 1078 700 1152 Oresteae
718 1077 880 1152 Taurica
896 1087 997 1150 terra
1015 1075 1128 1164 Deae3

1266 1085 1314 1153 80

268 1190 440 1290 Quoeque
457 1193 540 1266 aliae
559 1203 704 1290 gentes,
724 1193 789 1266 ubi
807 1192 944 1291 frigore
961 1192 1131 1267 constitit
1151 1191 1260 1280 Ister,

318 1307 423 1383 Dura
441 1320 569 1384 meant
585 1310 698 1384 celeri
715 1321 824 1406 terga
840 1333 909 1408 per
927 1307 1047 1382 amnis
1066 1332 1179 1406 equo.

268 1421 534 1523 Maximapars
546 1425 739 1498 hominum
750 1449 821 1498 neo
832 1435 883 1511 te,
891 1425 1154 1524 pulcherrima,
1167 1438 1312 1514 curant,

318 1539 454 1630 Rome,
473 1566 543 1616 neo
562 1541 721 1615 Ausonii
739 1541 869 1615 militis
886 1565 991 1615 arma
1007 1541 1154 1615 timent.

268 1655 372 1731 Dant
388 1657 534 1731 animos
552 1681 662 1731 areos
680 1657 754 1730 illis
772 1658 973 1755 plenaeque
991 1657 1186 1755 pharetrae‚
1265 1661 1312 1730 85

317 1771 517 1870 Quamque
536 1775 630 1848 libet
643 1774 765 1871 longis
784 1775 958 1849 cursibus
976 1783 1088 1873 aptus
1106 1796 1250 1870 equus:

267 1887 456 1986 Quodque
473 1889 575 1963 sitim
593 1890 759 1964 didicere
776 1890 842 1963 diu
859 1891 1018 1964 tolerare
1035 1888 1272 1984 famernque3

317 2002 507 2101 Quodque
521 2029 687 2103 sequens
706 2005 827 2078 nullas
846 2006 966 2079 hostis
986 2003 1142 2080 hebebit
1158 2027 1288 2101 aquas.

267 2117 327 2192 Ira
345 2117 418 2193 Dei
436 2120 538 2193 mitis
555 2145 631 2194 non
648 2145 710 2196 me
726 2121 893 2195 misisset
910 2121 949 2193 in
968 2120 1090 2206 istam,

317 2234 358 2307 Si
377 2236 470 2309 satis
487 2236 568 2310 haee
586 2237 639 2309 illi
657 2247 748 2310 nota
764 2236 911 2322 fuisset,
932 2236 1100 2309 humum.

1263 2240 1313 2310 90

265 2349 348 2426 Nee
359 2376 433 2438 me,
441 2377 511 2427 neo
522 2376 753 2450 quemquam
761 2351 976 2426 Romanum
984 2351 1124 2447 gaudet
1134 2351 1310 2437 abhorre,

316 2467 461 2564 Meque
479 2468 615 2553 minue,
634 2467 749 2540 vitam
766 2467 828 2540 oui
846 2466 953 2540 dedit
970 2466 1065 2565 ipse,
1086 2467 1216 2564 premi.

296 2794 337 2842 79.
353 2791 469 2860 Iazyges]
499 2794 549 2852 Qui
565 2792 636 2842 hodie
650 2793 762 2860 Trnnsyi-

263 2882 328 2916 vem.

295 2943 336 2990 80.
351 2941 472 3004 Ταινίαι]
490 2939 617 2989 Teuticum
628 2939 761 2990 Chersone·

262 3031 314 3064 sum
335 3013 456 3079 intelligit,
477 3014 519 3063 nbi
540 3013 674 3079 Iphigenia,
695 3014 760 3078 Agn-

262 3087 395 3138 memnonis
406 3088 465 3145 fitia,
478 3089 574 3137 Orestes
588 3103 652 3136 soror
665 3087 761 3137 eolebs·

263 3173 317 3212 tur:
335 3163 374 3211 oui
385 3171 410 3211 et
420 3163 546 3226 naufragos
558 3161 721 3218 immolnbsnt,
736 3171 762 3210 et

263 3251 423 3301 quoscumque
434 3235 531 3284 Grecos
541 3233 598 3282 illue
609 3233 710 3282 delatos.

295 3313 336 3359 81.
354 3310 452 3373 Quaque
466 3311 517 3357 alie
532 3308 631 3374 gersten]
655 3308 690 3357 Ut
706 3318 761 3358 suut

261 3386 374 3448 Jszyges,
392 3384 471 3440 Gete,
492 3382 626 3438 Basternas,
645 3381 717 3439 Daoi,
736 3391 761 3432 et

261 3458 334 3506 Alani
347 3455 433 3505 Tauris
448 3453 605 3505 contermini:
630 3464 666 3503 est
681 3464 761 3504 autem

261 3533 331 3581 ordo:
350 3540 375 3580 et
389 3546 436 3579 non
450 3539 520 3579 voest
530 3529 640 3594 Augusto
655 3545 760 3594 querere

262 3604 320 3671 quid
331 3604 384 3654 alise
398 3613 481 3668 gentes
493 3602 592 3659 sociant,
604 3617 659 3666 que
671 3610 760 3658 meent,

262 3680 287 3728 id
304 3687 349 3735 est,
365 3677 458 3727 redunt
476 3676 548 3725 celeri
564 3691 628 3739 equo
644 3690 686 3741 per
701 3675 761 3724 dura

261 3763 328 3819 terge
343 3752 429 3808 mnis,
442 3752 487 3800 hoe
502 3758 548 3807 sst,
563 3749 628 3806 lsni,
643 3749 684 3798 ubi
699 3750 762 3799 lster

262 3827 367 3878 constitit
376 3825 469 3891 frigore.

293 3905 334 3952 83.
350 3902 452 3948 Morino
459 3915 514 3963 pm
524 3898 659 3962 hominm]
677 3896 760 3948 Scribe

262 3975 400 4033 norumjvel
414 3977 504 4031 mm,
515 3973 628 4023 videlieet
643 3972 760 4037 gentium.

262 4053 351 4100 Herus.
377 4049 479 4097 Maximo
486 4049 676 4111 persiominssm.
697 4048 757 4103 Ques

260 4133 343 4190 gentes
357 4122 509 4188 supradicte,
522 4129 578 4170 sunt
588 4120 622 4169 ita
635 4121 717 4168 multuo
733 4127 758 4168 et

259 4198 387 4254 bellicose,
396 4206 423 4244 ut
429 4196 563 4245 Romm
570 4194 700 4259 potentiam
707 4208 754 4242 non

260 4280 351 4322 curent.
383 4271 420 4318 Ex
435 4286 483 4335 quo
496 4268 629 4336 periculum
639 4283 708 4317 snum
718 4283 757 4315 os·

260 4345 338 4396 tendit
347 4360 399 4393 esse
407 4344 547 4393 maximnm.

293 4422 334 4468 88.
351 4419 459 4481 Quodque
476 4418 587 4482 sequens]
607 4415 666 4465 Alis
683 4430 757 4464 causa

259 4495 332 4544 etism
342 4493 384 4541 dat
394 4492 490 4556 Scythis
499 4492 599 4548 animos,
611 4491 676 4556 qood
685 4505 756 4554 prop-

259 4577 296 4618 ter
306 4581 422 4632 aquarum
433 4566 554 4631 penurism
569 4582 616 4616 non
627 4564 719 4619 timem,
729 4571 758 4611 ut

812 2810 853 2843 eos
863 2793 941 2842 hostes
951 2793 1116 2858 insequentur.

844 2869 885 2918 89.
903 2867 945 2916 Ira
955 2871 1000 2916 vin·
1010 2869 1071 2916 mitis
1081 2885 1126 2915 nors
1138 2883 1172 2915 ms
1185 2869 1275 2918 irrisisset
1288 2871 1312 2917 iu

811 2944 886 2999 ιἰιαιιι,
897 2942 988 2991 Sintis
1001 2943 1046 2990 heo
1058 2943 1097 2990 iili
1110 2941 1253 3006 notofuisset
1268 2945 1311 2991 hu·

810 3018 883 3081 mne]
912 3017 1061 3066 Alterutrum
1081 3015 1199 3065 redundat
1219 3026 1262 3066 aut
1282 3020 1311 3068 ro

809 3093 885 3147 ιἰιιιιιι,
896 3099 939 3140 aut
949 3092 978 3140 τὸ
988 3092 1050 3148 nm
1067 3106 1121 3155 quse
1135 3090 1191 3147 duo,
1203 3090 1247 3140 nisi
1257 3093 1310 3141 bar-

810 3166 876 3221 bere,
892 3180 940 3212 non
955 3173 1053 3228 possunt
1070 3163 1197 3228 conjungi:
1214 3179 1257 3229 pro
1269 3167 1311 3214 tu·

810 3255 860 3287 miss
869 3237 999 3302 aliquando
1012 3239 1155 3304 reponebam
1172 3240 1273 3296 isarnum,
1286 3240 1311 3289 iu

809 3311 880 3361 istem
898 3311 1006 3360 humum.
1050 3311 1122 3360 Nunc
1141 3327 1225 3376 parum
1245 3314 1312 3363 obest

810 3385 869 3450 quin
887 3384 1051 3448 retingendum
1072 3399 1192 3441 censeam,
1211 3403 1256 3434 non
1277 3403 1311 3436 me

810 3461 904 3508 misisset
915 3461 941 3506 r'n
952 3456 1039 3506 Istrum
1048 3476 1057 3516 ,·
1075 3457 1137 3506 inira
1145 3456 1187 3505 lib.
1197 3457 1233 3506 iii.
1243 3457 1311 3524 Eleg.

810 3530 842 3580 iv.
853 3533 903 3581 91:

844 3605 893 3654 Nee
904 3621 954 3653 meo
963 3607 1104 3670 widlegis,
1115 3607 1214 3668 quirum
1223 3607 1309 3654 subruu-

876 3681 954 3726 tusnd
966 3676 1068 3726 Istrum.-

810 3751 881 3800 Trist.
891 3751 934 3800 lib.
946 3750 971 3799 ii.
985 3752 1045 3800 189:

843 3825 910 3874 Solus
919 3827 949 3873 od
957 3841 1069 3890 egresssrsrs
1077 3825 1156 3872 mistus
1164 3824 1311 3886 septemplicis

875 3898 950 3957 Istrir

809 3973 890 4038 Atque
917 3974 952 4022 ita
977 3973 1074 4038 passim.
1104 3971 1194 4020 Preter
1220 3972 1308 4020 flumen

808 4048 905 4105 Istrum,
924 4047 948 4096 in
963 4047 1008 4095 hoo
1027 4054 1105 4095 tractu
1124 4045 1197 4093 etiarn
1209 4045 1309 4111 Ἴστρος

807 4121 933 4186 υρρίἀιιιιη
952 4119 1015 4186 quod
1025 4118 1100 4168 Istrus
1113 4118 1212 4166 Latinis.
1230 4118 1309 4166 Plinio

807 4193 934 4256 Istropolis.
973 4192 1068 4242 Arriani
1085 4191 1195 4257 Periplus
1209 4191 1309 4256 ι’στρίαν

807 4276 890 4325 vocnt3
901 4283 949 4332 quo
959 4275 1053 4330 spectat
1063 4279 1173 4313 nummus
1184 4271 1309 4327 argenteus

807 4341 871 4405 apud
892 4356 931 4388 me
955 4355 1009 4388 oum
1035 4336 1187 4402 inscriptione
1209 4341 1306 4386 {ml

807 4419 915 4464 ΗΔΩΝι
933 4412 979 4462 suit
989 4421 1068 4460 eutem
1081 4407 1229 4458 Milesiorum
1243 4409 1307 4458 coio-

807 4487 855 4545 uin‚
866 4496 894 4536 ut
905 4495 929 4536 et
939 4486 1016 4534 Tomi.
1049 4484 1139 4532 Herus.
