3609 5967
483 731 554 796 822·
784 728 822 793 P.
847 725 1011 794 OVIDII
1034 724 1248 792 NASONIS

487 903 607 1002 Siqua
621 902 724 1001 quod
737 902 906 977 instabat
917 901 1080 975 dominae
1093 899 1307 1006 miserabile
1321 901 1469 987 vulnus,
1493 905 1539 977 15

538 1019 598 1093 Sit
615 1018 812 1118 perfuncta
828 1016 924 1092 meis
941 1027 1094 1115 tempus
1112 1017 1151 1090 in
1169 1039 1280 1091 omne
1298 1018 1430 1091 malis:

489 1134 661 1233 Quaeque
694 1133 797 1232 gravi
831 1158 953 1234 nuper
980 1134 1068 1232 plus
1097 1155 1213 1230 quam
1240 1144 1422 1231 quassata
1452 1156 1538 1232 pro-

637 1249 734 1324 cella
751 1259 822 1336 est,

539 1364 652 1451 Quod
668 1374 853 1467 superest,
873 1373 998 1437 tutum
1014 1385 1083 1462 per
1100 1385 1203 1438 mare
1220 1363 1327 1438 navis
1344 1374 1419 1439 eat.

490 1481 561 1555 llla
577 1483 704 1570 domo,
722 1492 890 1579 nataque
908 1504 989 1567 sua,
1004 1479 1204 1580 patriaque
1220 1480 1387 1556 fruatur:

541 1596 684 1698 Erepto
701 1598 783 1673 haec
800 1597 866 1672 uni
884 1597 936 1671 sit
952 1596 1044 1672 satis
1062 1621 1149 1672 esse
1166 1596 1271 1671 milri.
1490 1602 1540 1669 20

489 1713 687 1799 Quatenus
704 1724 744 1790 et
761 1739 836 1789 non
854 1723 914 1787 est
930 1713 969 1786 in
987 1737 1075 1786 caro
1092 1715 1255 1810 conjuge
1273 1712 1377 1803 felix,

539 1832 634 1906 Pars
651 1831 738 1906 vitae
757 1831 855 1905 tristi
872 1840 1011 1904 caetera
1028 1830 1129 1904 nube
1146 1839 1276 1905 vacet:

488 1946 613 2035 Vivat,
625 1947 945 2044 ametquevirnm,
955 1946 1135 2044 quoniam
1146 1947 1201 2021 sic
1212 1946 1372 2044 cogitur,
1380 1947 1536 2033 absens3
1639 2000 1644 2007 ,

539 2063 865 2162 Consummatque
883 2087 1014 2154 annua,
1034 2064 1103 2138 sed
1120 2063 1309 2151 diuturna,
1328 2086 1429 2137 suos.
1544 2060 1556 2075 ¹

488 2178 704 2278 Adjicerem
721 2190 761 2255 et
776 2191 946 2254 nostros:
975 2180 1043 2254 sed
1062 2204 1110 2255 ne
1127 2179 1305 2276 eontagna
1319 2178 1387 2253 fati
1488 2183 1538 2251 25
1611 2204 1616 2217 ¹

539 2295 806 2394 Corrumpunt,
825 2296 954 2383 timeo,
972 2320 1069 2394 quos
1087 2296 1167 2393 agit
1183 2295 1279 2395 ipsa,
1298 2295 1386 2370 mei.

490 2410 556 2484 Nil
573 2410 715 2485 homini
732 2420 879 2487 certum
897 2413 977 2501 est;
1006 2412 1087 2487 fieri
1104 2412 1190 2510 quis
1208 2436 1321 2512 posse
1339 2420 1501 2511 putaret,

540 2527 774 2604 Utfacerem
792 2528 830 2603 in
849 2529 984 2604 mediis
1003 2530 1084 2604 haeo
1103 2552 1175 2626 ego
1193 2553 1301 2604 sacra
1312 2527 1453 2607 ,Getisl

489 2642 670 2742 Adspice,
689 2653 733 2718 ut
748 2667 839 2718 aura
856 2654 983 2719 tamen
1000 2643 1125 2719 fumos
1142 2669 1164 2720 e
1182 2653 1268 2719 ture
1283 2654 1432 2719 coortos

539 2757 585 2832 In
603 2769 730 2858 partes
748 2758 878 2849 Italas,
899 2769 938 2835 et
955 2761 1041 2835 loca
1057 2761 1193 2835 dextra
1210 2761 1317 2836 ferat.
1489 2763 1539 2833 30

491 2875 635 2950 Sensus
652 2875 753 2950 inest
769 2876 884 2974 igitur
901 2876 1064 2965 nebulis,
1084 2901 1181 2975 quas
1198 2877 1319 2975 exigit
1335 2876 1455 2975 ignis:

540 2991 754 3065 Consilium
771 2989 923 3089 fugiunt
939 3002 1079 3067 caetera
1094 3017 1204 3092 paene
1222 2985 1364 3067 meumss

490 3107 672 3196 Consilio,
691 3131 891 3183 commune
910 3132 1058 3183 sacrum
1076 3132 1195 3207 quum
1212 3108 1279 3184 fiat
1295 3110 1334 3184 in
1352 3133 1417 3185 ara

540 3223 746 3311 Fratribus,
765 3224 911 3299 alterna
927 3223 993 3322 qui
1011 3225 1157 3324 periere
1172 3248 1302 3312 manu,

489 3339 581 3439 Ipsa
597 3339 669 3415 sibi
686 3341 844 3430 discors,
859 3354 1042 3441 tanquam
1060 3342 1260 3417 mandetur
1276 3343 1326 3418 ab
1339 3342 1425 3428 illis,
1487 3346 1537 3416 35

541 3456 736 3533 Scinditur
752 3459 791 3532 in
809 3470 937 3559 partes
955 3470 1036 3535 atra
1053 3458 1180 3534 favilla
1196 3458 1305 3534 duas.

521 3758 562 3806 21.
584 3756 723 3821 Quatenus]
747 3757 896 3824 Verpoorten
917 3758 990 3808 inter·
1040 3759 1106 3812 bella
1114 3768 1171 3810 nota
1179 3769 1235 3811 runt
1243 3758 1343 3810 Diodori
1352 3759 1479 3826 atPapinii
1488 3775 1540 3809 mo·

487 3830 760 3898 pretatur,quoruque,si
770 3847 817 3881 non
827 3841 906 3899 potest
915 3832 941 3881 in
951 3848 989 3885 me
1039 3834 1171 3885 numantia:
1190 3834 1279 3884 mutuis
1297 3834 1361 3885 enirn
1373 3835 1460 3885 ictibus
1474 3835 1538 3884 oeci-

488 3904 545 3955 reli:
562 3920 629 3966 ως
650 3914 701 3963 ent,
718 3912 833 3971 mun,
848 3907 915 3973 qnod
930 3907 990 3957 nihi
1037 3907 1104 3958 dere.

487 3978 565 4045 mgis
574 3978 666 4045 pleoet;
682 3988 755 4046 atque
765 3991 989 4047 quarumproquo·
1071 3983 1112 4033 ³5.
1124 3980 1177 4046 lpra
1190 3984 1233 4032 ribi
1248 3983 1355 4046 dimra]
1372 3983 1453 4040 Quum
1467 3981 1539 4047 Poly·

488 4053 990 4120 nianpoetcieeronemdieiooeptnmm,
1039 4054 1211 4106 nioireednvor
1221 4053 1357 4121 impositum
1373 4054 1457 4105 inbuet
1468 4055 1540 4104 Eteo-

488 4126 682 4179 aninredvertitur
697 4127 723 4178 in
739 4128 867 4179 novissim
885 4128 989 4181 editione
1038 4130 1083 4180 olis
1094 4145 1158 4195 rogo,
1168 4129 1247 4180 subito
1257 4128 1354 4178 flamma
1364 4128 1486 4179 dimouit:
1498 4144 1540 4178 ea·

487 4200 614 4252 anullini
637 4201 667 4251 de
687 4201 811 4268 particulis
829 4203 858 4251 L.
879 4203 908 4252 L.
930 4217 988 4268 pag.
1039 4210 1111 4253 nante
1126 4202 1235 4269 Papinio.
1250 4201 1311 4253 libro
1328 4202 1463 4253 'lbebaidoe
1480 4201 1542 4252 duo·

488 4278 546 4327 678.
586 4274 699 4326 lisam.
1040 4276 1199 4334 detinerer.
1214 4278 1336 4342 4³0.sqq.
1370 4278 1403 4327 Et
1420 4277 1543 4334 hunus

520 4352 562 4401 26.
578 4349 622 4400 δαὶ
636 4367 665 4400 ne
678 4353 786 4415 mugio
793 4349 869 4415 sart]
887 4349 935 4399 Sed
946 4365 988 4402 ve·
1041 4348 1125 4401 Phara.
1136 4349 1336 4401 lib.i.ver.651:

488 4440 541 4474 reor
561 4438 591 4474 ne
608 4423 658 4473 lata
678 4437 733 4473 met
749 4422 855 4473 infelicia
873 4437 989 4473 annornm
1072 4423 1194 4475 Scinditur
1204 4427 1230 4474 ia
1238 4436 1323 4487 parm,
1330 4427 1461 4491 gninoqur
1470 4441 1543 4474 merr-

488 4498 568 4547 uxoris
575 4496 715 4547 felicitatem
726 4504 886 4562 corrumpant.
1104 4501 1165 4547 nine
1175 4501 1261 4565 surgis,

521 4572 563 4619 ³⁴.
574 4570 716 4637 fratribvs]
730 4570 822 4621 Eteocli
830 4580 855 4621 et
864 4571 986 4637 Polynici:
1075 4572 1188 4621 Thebanos
1199 4576 1289 4622 imitato
1300 4589 1371 4638 rogor.
1419 4630 1425 4640 ‚
