3609 5967
385 792 456 857 EX
480 792 642 861 ΡΟΝΤΟ
666 791 759 858 LIB.
783 791 853 859 111.
878 790 1027 861 EPIST.
1048 792 1153 859 VIII.
1230 795 1297 861 47⁵

246 966 325 1040 Cur
341 990 413 1064 ego
430 966 588 1064 concepi
608 966 800 1065 Scythicis
819 991 880 1042 me
898 990 1012 1066 posse
1029 990 1170 1067 curere¹

296 1082 464 1170 Finibus,
484 1093 524 1159 et
541 1094 640 1157 terra
655 1082 891 1182 prosperiore
909 1082 1003 1156 frui?
1247 1087 1298 1156 30

246 1197 326 1272 Cur
343 1198 485 1297 aliquid
503 1199 552 1273 de
570 1223 632 1274 me
649 1198 797 1299 speravi
814 1199 938 1273 lenius
955 1196 1147 1295 unquam?

295 1314 357 1387 An
374 1314 524 1388 fortuna
540 1313 633 1387 mihi
651 1314 705 1388 sic
724 1337 810 1389 mea
826 1326 917 1389 uota
933 1312 1044 1386 tunt

245 1427 440 1527 Torqueor
457 1454 506 1504 en
523 1429 695 1525 gravius3
724 1429 963 1528 repetitaque
980 1427 1100 1501 forma
1115 1426 1283 1502 Iocorum

297 1543 487 1618 Exsilium
505 1555 660 1621 renovat
677 1545 799 1633 triste,
818 1567 1026 1642 recensque
1044 1542 1146 1617 iacit.

247 1658 319 1734 Est
337 1671 465 1734 tamen
483 1659 624 1748 utilius,
644 1661 812 1735 studium
830 1672 1002 1734 cessasse
1019 1681 1200 1745 meorum,
1250 1661 1300 1733 35

297 1773 435 1862 Quam,
455 1796 552 1873 quas
571 1775 772 1865 admorint,
792 1798 869 1851 non
886 1772 1049 1848 voluisse
1067 1795 1213 1871 preces.

248 1889 393 1987 Magna
410 1892 564 1988 quidem
587 1915 648 1971 res
666 1902 737 1980 est,
757 1915 873 1990 quam
891 1914 967 1967 non
985 1888 1146 1976 audetis,
1166 1887 1299 1964 amici:

299 2005 377 2079 Sed
395 2004 427 2078 si
445 2005 531 2103 quis
549 2016 708 2103 peteret,
728 2005 795 2104 qui
812 2006 905 2085 dare
922 2005 1048 2091 vellet,
1065 2014 1159 2079 erat.

250 2120 465 2195 Dummodo
482 2145 559 2198 nou
575 2121 683 2196 vobis
701 2122 774 2197 hoc
791 2121 955 2199 Caesaris
969 2122 1025 2197 irs
1041 2120 1199 2218 negarit,

299 2236 459 2317 Fortiter
477 2236 638 2318 Euxinis
657 2238 912 2315 immoriemur
929 2236 1053 2335 aquis.
1251 2237 1302 2307 40

539 2613 871 2693 EPISTOLA
896 2612 1010 2691 vlll.

666 2798 882 2871 MAXIMO.

249 2938 353 3025 Qum
370 2939 452 3028 tibi,
473 2939 704 3039 quaerebam,
723 2961 929 3014 memorem
948 2940 1129 3015 testantia
1145 2963 1286 3028 curam,

300 3056 411 3131 Dona
427 3055 649 3131 Tomitanus
666 3056 817 3131 mittere
835 3067 967 3155 posset
984 3078 1086 3152 ager.

249 3165 398 3268 Dignus
415 3196 457 3246 es
475 3182 646 3268 argento,
664 3170 765 3245 fulvo
783 3194 938 3270 quoque
952 3171 1101 3268 dignior
1119 3196 1232 3275 oupot

301 3286 378 3361 Sed
396 3299 448 3376 to,
467 3311 584 3386 quum
602 3288 734 3374 donas,
754 3288 827 3363 ista
839 3291 973 3386 juvare
991 3288 1126 3363 solent.

250 3400 286 3474 N
289 3388 478 3477 ec'tamen
495 3405 576 3478 haec
594 3403 680 3479 loca
697 3415 786 3479 sunt
801 3404 877 3479 ullo
894 3404 1062 3503 pretiosa
1078 3405 1248 3481 metallo:
1278 3409 1301 3481 5
1344 3500 1349 3508 ‚

301 3517 432 3594 Hostis
450 3521 499 3595 ab
517 3521 682 3619 agricola
698 3519 762 3594 vix
780 3520 869 3595 sinit
886 3521 952 3595 illa
968 3520 1058 3594 sodi.

282 3745 325 3794 29.
344 3745 560 3811 Curegnemepi]
580 3745 631 3796 Cur
639 3745 752 3810 cogitavi.
801 3756 898 3813 petere5
913 3745 1024 3812 quemvis
1037 3745 1069 3794 sit
1086 3760 1210 3811 magnum,
1221 3755 1303 3796 umen

250 3814 363 3881 Scythicis
389 3837 423 3869 me
449 3835 511 3880 posu
536 3835 616 3868 curm
647 3818 754 3869 Finibus.
802 3820 927 3885 Augustus
936 3818 1085 3869 concederet.

250 3888 322 3942 Rome
333 3909 371 3942 me
381 3908 395 3942 e
406 3893 505 3957 Scythia
514 3893 637 3943 removeri.
834 3896 876 3942 ³9.
897 3892 1036 3942 Dummodo
1055 3891 1122 3941 nobis
1138 3893 1210 3942 vestri
1230 3894 1304 3944 studii

283 3967 324 4016 ³2.
341 3969 380 4016 Sic
388 3968 444 4033 suit
461 3977 516 4016 noto
532 3968 610 4031 mut]
637 3967 677 4017 Sic
693 3966 753 4016 mihi
802 3968 912 4031 cessatio,
923 3983 971 4016 non
981 3966 1016 4015 irs
1027 3966 1131 4016 Coesaris
1141 3965 1186 4016 hoc
1200 3982 1303 4033 negave-

249 4040 346 4104 cognito
356 4041 409 4098 fuit,
419 4050 447 4090 ut
456 4041 567 4091 deberem
577 4057 673 4107 sperare
689 4057 753 4090 nunc
802 4040 843 4093 rit.
876 4041 991 4090 Huius.

251 4130 304 4167 ‘tm
315 4115 439 4181 benignius
449 4131 544 4166 mecum
555 4124 672 4165 acturam.

283 4191 324 4238 35.
340 4191 449 4240 Studium
466 4190 587 4254 meorum-l
605 4178 755 4240 Consemuui
838 4188 860 4237 1.
883 4189 970 4238 Curam
985 4188 1124 4251 memorerm]
1150 4187 1212 4245 Qun
1229 4194 1303 4235 tosta-

250 4262 389 4311 ettenorum
400 4263 538 4313 amicorum.
572 4265 678 4317 caum.
708 4262 752 4312 Ni·
802 4271 884 4315 rentur
893 4279 975 4313 curum
986 4262 1089 4314 hominis
1098 4261 1208 4310 memoris
1220 4258 1263 4308 tui.

251 4333 286 4383 nit
298 4335 401 4386 tentusse
416 4337 447 4387 de
462 4337 541 4390 reditu
556 4355 610 4389 meo
624 4336 689 4406 apud
700 4337 751 4388 Au·
835 4339 861 4386 4.
881 4338 927 4385 Sed
944 4348 973 4394 ts,
990 4355 1060 4401 φιωη
1075 4338 1154 4390 dom,
1164 4337 1209 4381 isto
1217 4336 1307 4394 juvare

251 4417 357 4473 gustum.
802 4410 897 4474 solent]
917 4410 966 4459 Sed
977 4426 1061 4459 nurum
1077 4417 1101 4457 et
1116 4414 1241 4469 argentum
1254 4422 1304 4456 ma·

283 4484 324 4535 ³7.
343 4484 432 4550 Magum
440 4488 531 4549 quidem
540 4502 576 4534 m
588 4496 620 4534 ot
630 4503 698 4550 quan
707 4503 754 4535 non
803 4483 840 4548 gis
850 4483 913 4532 soles
923 4483 1011 4531 dooere
1022 4482 1083 4538 eliis,
1094 4495 1167 4545 quam
1176 4479 1295 4545 accipere.

232 4558 342 4606 oodnis
368 4558 457 4622 unici]
486 4558 601 4616 Difficile,
622 4557 709 4625 iuquit,
729 4566 754 4608 et
836 4557 860 4606 6.
881 4557 924 4628 IJir
943 4559 999 4605 sinit
1017 4557 1061 4603 itta
1073 4552 1150 4619 sodi]
1179 4552 1228 4602 Isto
1246 4554 1305 4605 Jun.

252 4629 352 4681 arduum
362 4639 408 4690 est,
418 4630 482 4698 qood
494 4647 541 4682 non
552 4631 647 4683 audetis
660 4648 703 4698 pro
715 4647 754 4683 me
807 4629 891 4679 Putet
901 4637 949 4679 tros
960 4626 1018 4689 slii3
1036 4627 1089 4676 utto
1098 4625 1167 4679 Deid.
1194 4627 1242 4677 Vix
1251 4644 1304 4694 per-
