3609 5967
488 768 724 836 TRISTIUM
748 768 839 835 ΗΒ.
864 768 893 833 Ι.
918 768 1055 836 ELEG.
1081 770 1131 835 X.
1271 772 1336 837 179

284 941 384 1017 Nam
401 942 495 1016 mibi
508 942 703 1018 Bistonios
716 942 862 1042 placuit
873 942 973 1042 pede
990 966 1145 1043 carpere
1158 966 1332 1043 campos:

334 1054 664 1157 Hellespontiacas
681 1060 749 1134 illa
765 1059 901 1156 relegit
916 1084 1057 1159 aquas3

283 1171 591 1273 Dardaniamque
600 1176 710 1276 petit,
722 1178 885 1251 auctoris
894 1200 1033 1251 nomen
1042 1176 1260 1262 habentem,
1276 1180 1334 1251 ⁹25

334 1288 385 1362 Et
401 1300 453 1378 te,
472 1292 646 1379 ruricola,
667 1290 890 1391 Lampsaco,
909 1302 992 1367 tuta
1010 1291 1107 1367 Deo.

281 1401 457 1503 Quaque,
477 1432 546 1505 per
563 1416 744 1504 angustas
761 1416 882 1481 vectae
899 1408 998 1483 male
1016 1406 1170 1505 virginis
1188 1405 1321 1493 undae,

330 1520 473 1596 Seston
490 1523 681 1621 Abydena
697 1534 850 1622 separat
867 1525 960 1599 urbe
976 1522 1133 1599 fretum:

282 1632 462 1735 Hincquc
480 1638 746 1737 Propontiacis
764 1640 969 1716 haerentem
988 1640 1159 1740 Cyzicon
1177 1638 1263 1725 oris,

332 1752 515 1853 Cyzicon,
536 1751 743 1828 Haemouiae
761 1755 888 1830 nobile
906 1756 1030 1853 gentis
1045 1780 1165 1856 opus:
1281 1760 1331 1831 30

312 1893 354 1940 2³.
379 1892 441 1942 Nun
460 1895 516 1942 etti
534 1894 672 1960 Etenim]
696 1896 779 1945 ESa-
829 1896 876 1946 iter
886 1912 968 1946 versus
979 1896 1173 1962 Hellespontum.
1203 1895 1320 1945 Hesus.

279 1966 411 2016 motbraciu
424 1967 563 2033 digressum
582 1978 650 2019 eruut
666 1969 721 2021 dure
735 1985 780 2019 na·
861 1972 904 2021 25.
924 1971 1114 2034 Dardaniumque
1130 1970 1209 2034 petit]
1236 1969 1331 2021 Duce·

279 2056 330 2097 ses,
340 2056 440 2106 quarum
451 2042 534 2101 alten,
544 2060 599 2110 qun
610 2043 726 2095 Ovidium
737 2061 779 2094 ve·
828 2043 870 2094 nia
893 2045 950 2094 urbs
970 2046 1016 2094 luit
1037 2044 1063 2093 in
1088 2044 1157 2093 litore
1180 2044 1330 2111 Hellesponti

279 2113 360 2173 luebat,
369 2116 490 2166 sinistrum
505 2118 658 2184 Propontidis
672 2136 778 2189 cursum,
827 2117 888 2168 sits:
912 2134 969 2167 nsm
986 2128 1040 2185 post
1057 2116 1173 2183 Abydum
1193 2126 1328 2183 promonto-

279 2189 355 2239 altera
371 2206 428 2239 vero
450 2190 562 2241 dextrum
582 2192 667 2243 tenuit.
701 2192 777 2243 Bisso-
826 2191 888 2241 rium
898 2201 937 2242 eet
950 2191 1110 2249 Dardanium,
1121 2201 1146 2241 et
1162 2190 1249 2243 civitas
1265 2192 1329 2243 Dur-

280 2264 328 2311 nics
344 2280 438 2327 campus
469 2260 607 2315 Threicium
624 2265 691 2315 litus.
706 2268 777 2317 Pede.
825 2264 909 2324 dania,
931 2266 963 2315 70
982 2265 1045 2315 stud.
1066 2266 1098 2315 eb
1119 2264 1206 2331 Abydo
1226 2265 1328 2317 distans.

279 2336 359 2385 velo:
384 2353 440 2403 pere
458 2354 502 2403 pro
521 2347 580 2388 toto.
609 2339 682 2389 Μιι.
715 2340 779 2390 Nare
827 2340 924 2390 Nomen
934 2339 1074 2405 semetipse
1085 2338 1263 2405 Hellespontus.
1284 2341 1330 2391 Pe-

277 2411 335 2459 nili
355 2410 470 2461 Bistonios
486 2414 579 2475 placuit
602 2416 658 2476 pede
683 2430 779 2477 caepere
829 2416 859 2463 tit
872 2422 954 2463 autem
968 2428 1010 2479 pro
1020 2411 1107 2479 petivit
1122 2411 1329 2479 nltimamprodu·

276 2502 373 2547 mpes.
406 2485 478 2535 Hunc
494 2485 575 2535 locum
588 2486 693 2544 Merula,
703 2502 778 2552 quum
827 2485 1224 2551 citutverbeomuiesyncopam
1235 2486 1328 2537 beben·

276 2558 463 2608 sententiesue
478 2558 615 2609 dednebus
626 2558 779 2618 nsvibmde
827 2560 872 2611 tia.
908 2560 996 2611 Nomen
1012 2563 1121 2610 aucturis.
1155 2560 1250 2610 Nomen
1264 2562 1328 2612 Dar·

277 2648 328 2697 qua
348 2648 364 2681 a
383 2632 499 2698 principio
516 2632 675 2691 meminimus,
693 2648 779 2699 repug·
828 2634 965 2687 daniJovis
974 2635 1026 2694 filii,
1037 2635 1080 2701 qui
1090 2651 1144 2684 eam
1155 2633 1270 2685 condidit

277 2722 336 2755 nare
357 2706 456 2763 videret,
473 2710 553 2768 pedm
573 2721 617 2771 pro
638 2707 706 2764 brus,
730 2722 779 2772 quo
861 2712 901 2760 26.
921 2710 953 2758 Et
962 2721 992 2767 re,
1003 2710 1116 2764 ruricola,
1129 2708 1261 2772 lampades,
1270 2710 1329 2779 δια]

277 2780 333 2831 vele
345 2780 442 2829 navium
451 2789 582 2845 regnatum
597 2798 685 2844 cmpos
700 2789 779 2831 eutem
829 2782 989 2850 Lampsacum
1004 2782 1079 2833 etium
1095 2782 1206 2849 pervenit
1223 2785 1255 2832 ab
1269 2785 1329 2835 urbe

277 2871 320 2921 pro
335 2870 440 2921 equore,
453 2855 504 2905 sive
519 2854 579 2903 meri
596 2854 713 2921 exposuit.
745 2855 779 2906 At
828 2857 969 2907 Dardanias
982 2855 1330 2922 luitantemhmpsecmurbs

276 2929 299 2978 si
317 2929 417 2979 elterem
435 2929 606 2996 expositionem
622 2929 731 2995 recipies,
747 2930 778 2980 de
827 2931 928 2996 insignis
938 2930 970 2981 ad
981 2946 1046 2981 mare
1055 2929 1111 2989 sits,
1122 2946 1177 2995 quas
1185 2941 1278 2997 portum
1286 2949 1328 2999 op·

275 3018 326 3053 uua
339 3003 405 3061 nevi,
416 3018 492 3069 esque
501 3004 555 3053 sola
563 3018 618 3068 quer
631 3012 709 3069 poete
722 3004 777 3062 tuit,
828 3002 915 3053 timum
932 3002 1030 3053 habuit:
1053 3004 1119 3070 prius
1137 3004 1236 3068 Pityusa
1257 3020 1327 3057 vocu-

274 3094 327 3143 qua
344 3078 373 3127 in
388 3078 437 3127 bec
457 3076 513 3127 loco
532 3076 624 3133 relicta,
644 3077 670 3125 iu
691 3086 776 3127 terram
825 3077 907 3127 betur.
942 3078 989 3127 Per
1005 3076 1086 3127 Deum
1104 3086 1185 3127 autem
1202 3081 1328 3129 ruricolam

276 3168 386 3218 egressm
399 3150 451 3209 ille,
462 3151 580 3216 reliquum
594 3150 650 3209 iter,
665 3161 708 3202 ent
722 3166 776 3217 par·
825 3150 941 3218 Priapum
962 3151 1092 3216 intellige5
1113 3150 1155 3217 qui
1176 3150 1212 3201 vir
1228 3152 1273 3203 luit
1296 3170 1327 3205 ex

274 3235 327 3277 tem
337 3224 621 3291 saltem,·perTbraciem
633 3223 718 3274 itinere
728 3234 775 3275 ter·
823 3224 957 3291 Lampsaco
973 3226 1031 3274 urbe
1048 3224 1214 3291 Hellesponti;
1231 3226 1327 3293 deque

276 3299 344 3350 reetri
355 3299 460 3359 lecerit;
477 3313 561 3347 susac
575 3298 671 3363 propris
684 3297 775 3363 signifi·
823 3298 916 3365 pnlsus,
932 3308 1027 3365 propter
1043 3299 1238 3349 obscenitatem:
1256 3310 1326 3351 vocet
1379 3347 1385 3360 ,

276 3374 340 3425 catio
350 3372 427 3424 verbis
440 3380 530 3429 manet,
541 3387 620 3437 neque
631 3386 712 3422 venus
724 3370 775 3439 ipse
823 3387 906 3423 autem
925 3374 1001 3423 Deam
1017 3375 1153 3432 ruricolam.
1170 3374 1283 3440 quoniam
1299 3378 1325 3427 in

276 3445 563 3515 quicquamdifficnltatis
572 3446 654 3495 babet
822 3448 897 3498 bortis
907 3449 1031 3507 colitur..

315 3525 356 3572 2⁴.
386 3522 582 3584 Hellspcutiaeee
610 3522 655 3569 illc
680 3522 776 3585 reliquie
857 3524 898 3572 27.
916 3523 965 3571 Per
980 3533 1090 3589 anguem
1105 3522 1201 3588 undae]
1220 3525 1324 3577 Vestam

275 3598 366 3661 squas]
383 3597 424 3646 De
434 3595 481 3645 boc
491 3596 544 3645 locu
553 3594 604 3659 egit
614 3596 738 3662 Verpoort.
749 3595 775 3645 in
824 3596 890 3647 enim
899 3597 1105 3667 mareprejacens
1114 3597 1188 3655 Asia,
1198 3606 1223 3647 et
1233 3599 1264 3647 ab
1275 3600 1324 3650 Eu·

275 3671 422 3737 pretatione.
450 3670 515 3720 Olim
529 3669 654 3734 legebatur
670 3672 774 3734 reliquit,
823 3686 882 3737 rope
900 3679 1009 3737 porrecto
1028 3670 1170 3721 Chersonesi
1193 3670 1262 3721 litore
1282 3688 1324 3722 er·

274 3746 339 3812 quod
349 3744 513 3795 duriusculum
527 3752 581 3792 est:
597 3742 713 3809 bineJ'am
724 3744 774 3793 Mi-
823 3745 935 3811 pulenm3
957 3754 1058 3811 angusto
1075 3757 1157 3795 meatu
1173 3736 1283 3812 irrum'pit
1298 3745 1323 3797 in

275 3819 353 3885 cyllns
366 3816 469 3883 conjecit
477 3818 569 3882 relegit,
586 3824 613 3866 et
622 3816 774 3867 accodicem
823 3826 908 3876 terrae,
927 3827 1019 3885 septem
1042 3817 1173 3868 studiorum
1197 3818 1323 3869 intemallo
1435 3816 1440 3821 '

274 3893 447 3944 Hedouienum
465 3890 562 3948 babere,
576 3898 678 3941 testetur
695 3891 773 3941 Hein·
823 3893 944 3959 Europum
967 3891 1105 3943 discludens
1125 3892 1207 3955 claim
1232 3892 1322 3961 busque

272 3968 331 4025 sine,
339 3965 492 4033 quiquidem
506 3967 605 4031 peregit,
619 3975 662 4017 eut
670 3964 730 4030 qnid
740 3966 771 4015 si·
821 3966 1242 4033 angustiusliellespontumuocant.
1270 3968 1322 4017 Vir-

274 4041 330 4091 mile
346 4038 539 4090 substituendum
557 4046 635 4103 putat.
667 4038 709 4095 Ar,
727 4056 773 4105 ego
819 4044 883 4106 ginis
897 4043 957 4091 ercle
973 4052 1049 4093 vecte.
1065 4040 1158 4099 Helles,
1169 4057 1223 4107 qure
1234 4042 1322 4094 hausta
1358 4094 1362 4103 ,

275 4132 321 4165 non
331 4116 425 4173 dubito,
436 4116 500 4163 bene
517 4112 553 4161 uit
562 4112 723 4171 Burmannus,
735 4131 772 4162 re·
821 4114 934 4165 fluctibus
944 4114 1024 4182 periit.

273 4188 773 4255 legitesselegendumnamauteaquum
853 4190 896 4238 28.
915 4190 992 4241 Sertori
1013 4190 1145 4255 Atym]
1175 4190 1205 4240 In
1225 4189 1321 4255 Europe

274 4264 377 4314 venient
393 4264 425 4312 ad
435 4263 519 4311 urbem
535 4259 586 4309 sive
599 4260 708 4309 Hectoris
722 4260 774 4311 sire
821 4262 886 4312 enim
901 4264 986 4314 Seston
1002 4264 1093 4321 urbem,
1108 4262 1132 4312 in
1147 4262 1207 4312 Asia
1217 4261 1321 4327 Abydon

274 4337 379 4395 Actoris,
398 4353 452 4404 quse
471 4352 519 4386 nou
545 4336 616 4400 longe
636 4336 667 4384 ab
687 4334 773 4385 Helle·
821 4336 903 4394 tuisse,
917 4338 1000 4389 scribit
1009 4336 1119 4387 Plinius:
1137 4336 1162 4385 iu
1175 4334 1256 4385 medio
1265 4350 1321 4387 vero

273 4422 359 4478 eponto
374 4412 446 4463 debet
461 4411 545 4469 statui,
560 4408 628 4459 flexit
643 4409 669 4458 iu
684 4409 772 4461 lerum
820 4408 944 4475 utriusque
955 4410 1199 4475 urbisliellespontos
1208 4407 1261 4457 icit.

272 4503 355 4536 versus
371 4486 549 4542 Samothracen,
566 4484 623 4533 inde
639 4484 772 4549 trajiciente
852 4485 895 4534 29.
914 4485 1021 4550 Hincpcs
1034 4485 1190 4547 Propontiacis
1200 4484 1320 4533 luentes

273 4559 362 4611 Ouidio
372 4562 397 4610 in
406 4558 540 4617 Threciam,
551 4558 595 4608 illa
604 4557 672 4608 nevis
687 4557 772 4625 relegit
821 4558 921 4622 Cpricors
935 4560 1001 4624 orie]
1022 4558 1085 4607 Puto
1097 4554 1248 4607 scribendum
1260 4556 1319 4607 Pro·
