3609 5967
472 761 538 827 288
768 755 807 822 P.
832 756 995 824 OVIDII
1020 756 1233 824 NASONIS

838 1079 1085 1155 ELEGIA
1118 1080 1166 1155 V.

474 1286 509 1360 O
530 1308 632 1358 rrrrrr
652 1283 813 1357 dilectos
830 1280 929 1356 inter
946 1304 1027 1354 sors
1046 1279 1168 1378 prima
1184 1281 1347 1370 sodales,

525 1400 650 1474 Unica
665 1398 825 1473 fortunis
843 1422 908 1472 ara
924 1407 1076 1496 reperta
1092 1399 1209 1488 meis3
1320 1396 1323 1399 ’

474 1518 596 1614 Cujus
615 1516 663 1588 ab
681 1510 870 1610 adloquiis
887 1512 1015 1587 anima
1030 1514 1113 1586 haec
1131 1514 1358 1590 moribunda
1374 1518 1524 1604 revixit,

526 1632 581 1705 Ut
596 1631 685 1727 vigil
703 1627 827 1701 infusa
844 1627 1004 1703 Pallade
1021 1628 1175 1703 flamma
1192 1630 1309 1720 solet;

474 1746 550 1832 Qui
566 1745 706 1822 veritus
724 1768 800 1818 non
818 1767 860 1817 es
878 1754 1011 1841 portus
1029 1745 1174 1842 aperire
1192 1745 1338 1834 fideles,
1502 1753 1525 1822 5

524 1861 699 1961 Fulmina
716 1884 906 1959 percussae
924 1840 1220 1960 confugiumque
1238 1862 1330 1952 rati;

475 1979 596 2077 Cujus
615 2001 717 2053 eram
734 2001 853 2052 censu
870 2001 946 2051 non
964 2001 1025 2051 me
1044 1966 1223 2053 sensurus
1241 1991 1430 2075 egentem,

525 2094 567 2167 Si
587 2094 717 2167 Oaesar
734 2091 874 2191 patrias
893 2091 1095 2190 eripuisset
1112 2118 1227 2193 opes:
1264 2080 1268 2087 ¹

473 2208 671 2309 Temporis
689 2208 848 2282 oblitum
866 2209 958 2282 dum
976 2234 1037 2283 me
1054 2211 1153 2309 rapit
1171 2210 1338 2309 impetus
1355 2211 1481 2309 hujus,

525 2324 680 2399 Excidit
697 2325 772 2398 heu
790 2349 928 2399 nomen
947 2348 1061 2423 quam
1080 2324 1172 2398 mihi
1190 2349 1300 2423 paene
1317 2326 1447 2399 tuum!
1480 2330 1525 2400 10

472 2440 527 2517 Te
545 2454 673 2516 tamen
691 2441 879 2538 agnoscis,
894 2452 1099 2539 tactusque
1116 2440 1296 2540 cupidine
1313 2441 1449 2531 laudis,

525 2557 595 2631 Ille
613 2581 685 2654 ego
703 2581 799 2645 sum,
819 2582 978 2655 cuperes
996 2556 1123 2632 dicere
1141 2581 1254 2655 posse
1272 2558 1412 2656 palam.

475 2674 590 2749 Certe
604 2697 688 2771 ego,
708 2673 740 2749 si
758 2674 913 2761 sineres,
932 2674 1084 2748 titulum
1102 2673 1172 2747 tibi
1190 2673 1347 2748 reddere
1358 2673 1506 2760 vellem,

525 2789 576 2864 Et
592 2813 718 2869 raram
731 2789 840 2863 famae
858 2789 1061 2865 conciliare
1078 2789 1214 2864 fidem:

474 2903 535 2979 Ne
553 2928 708 2979 noceam
726 2916 832 3000 grato
848 2928 979 2979 vereor
996 2904 1066 2978 tibi
1083 2905 1261 2991 carmine,
1280 2929 1375 2980 neve
1478 2907 1524 2977 15

524 3020 785 3119 Intempestiui
804 3020 966 3095 nominis
984 3021 1111 3095 obstet
1128 3021 1260 3094 honos.

473 3135 586 3221 Quod
605 3137 695 3211 licet
712 3147 751 3211 et
766 3147 892 3210 tutum
911 3146 983 3221 est,
996 3135 1095 3210 intra
1111 3145 1177 3209 tua
1194 3145 1351 3235 pectora
1368 3135 1506 3233 gaude,

523 3251 667 3350 Meque
686 3252 741 3325 tui
759 3275 978 3338 memorem,
997 3262 1112 3349 teque
1122 3248 1248 3324 'inisse
1265 3250 1353 3324 mei.

474 3367 604 3465 thue
616 3369 728 3457 ‘sacis
748 3371 861 3444 remis
878 3370 928 3445 ad
945 3393 1057 3468 opem
1075 3371 1219 3444 luctare
1237 3367 1442 3456 ferendam,

524 3483 626 3555 Dum
643 3484 770 3558 veniat
788 3486 937 3584 placido
955 3485 1100 3559 mollior
1117 3508 1209 3559 aura
1227 3483 1332 3573 Deo;
1475 3489 1525 3557 20

505 3717 528 3764 1.
543 3716 616 3780 Sora]
635 3715 674 3764 Sic
691 3715 717 3764 in
733 3716 810 3765 Fastis
820 3716 852 3765 vi.
863 3719 906 3767 30.
922 3737 971 3767 ma-
1021 3714 1134 3773 sortunii3
1145 3715 1192 3774 vel,
1202 3714 1239 3764 vir
1248 3714 1353 3764 adversa
1364 3714 1472 3764 sortunn.

471 3793 514 3839 tris
524 3807 622 3856 corrego
628 3808 703 3854 pum
706 3792 759 3857 sui.
774 3790 889 3841 Hiatus.
913 3793 973 3841 Pars
1056 3791 1095 3838 14.
1114 3789 1244 3838 Concilium
1255 3787 1350 3854 fam]
1379 3786 1525 3837 Immortali-

468 3866 552 3926 prr'ma.
567 3862 690 3930 Princeps,
706 3866 766 3913 inter
781 3863 870 3915 amicos
880 3866 973 3916 meosd
1022 3864 1065 3913 tati
1077 3878 1224 3914 consecrare.

471 3935 612 4001 προτεῦων.
1058 3939 1097 3987 19.
1109 3937 1186 3986 Remis
1195 3936 1305 4000 lactura]
1324 3937 1427 3985 Omnem
1438 3934 1525 3985 adhibe

503 4011 527 4058 3.
539 4011 677 4074 Admotis]
696 4012 799 4076 Eloqui&
809 4012 911 4078 Regius,
921 4014 972 4063 Pu·
1024 4019 1145 4061 conatum.
1165 4011 1293 4060 Paroem'un
1305 4025 1349 4059 nos
1359 4009 1481 4065 admonet,
1489 4024 1525 4057 rc·

470 4094 534 4133 teau.
544 4093 567 4133 et
578 4094 626 4134 tres
637 4086 693 4147 alii5
706 4087 783 4136 male:
800 4090 908 4152 adloquia
918 4098 973 4138 runt
1024 4089 1066 4135 mis
1083 4086 1180 4149 ntique
1196 4087 1340 4134 contendere.
1364 4085 1444 4134 Pour.
1478 4082 1525 4132 Rc·

469 4157 594 4215 solamine,
606 4159 774 4210 miserisduta.
1021 4164 1064 4209 mir
1075 4162 1172 4209 turture.
1188 4158 1259 4217 Quod
1270 4159 1407 4209 fitadrerro
1417 4158 1525 4207 dumne.

503 4233 528 4281 4.
548 4232 632 4299 lnfw
651 4233 770 4298 Pallada]
801 4233 862 4282 Oloo
878 4233 970 4284 infuso:
1055 4236 1096 4283 20.
1107 4234 1195 4299 Aura]
1209 4235 1318 4292 Quntuor
1328 4234 1383 4282 horo
1392 4251 1401 4291 ,·
1416 4240 1470 4282 octo
1480 4236 1525 4282 ira.

470 4305 511 4355 nii
522 4308 642 4370 tampade,
659 4323 721 4356 unus
731 4309 830 4372 trusae
1022 4308 1104 4374 Atque
1118 4308 1233 4358 Heinsius
1245 4307 1373 4373 legendum
1387 4316 1457 4372 putat
1471 4309 1523 4369 pro

502 4383 526 4429 5.
535 4380 727 4446 vocarant]
741 4379 862 4429 Amicitiae
873 4396 972 4431 munera
1022 4384 1073 4432 cido
1089 4382 1178 4431 mollior
1194 4382 1230 4431 in
1246 4384 1295 4439 duo,
1306 4389 1349 4430 cut
1362 4382 1453 4429 moltior-
1466 4398 1525 4429 oum

469 4455 648 4519 etcontugium.
666 4455 738 4503 Mra.
771 4455 886 4512 Vel,non
899 4455 971 4504 dubi·
1022 4449 1135 4506 mori‘vel
1154 4458 1261 4507 uiuant
1277 4454 1388 4523 persistat
1406 4455 1433 4503 in
1448 4455 1525 4520 figure

469 4526 526 4575 tuti
537 4542 575 4575 me
586 4528 647 4577 tueri
659 4537 700 4577 tuo
710 4526 850 4593 patrocinio.
1022 4530 1123 4596 inceptu
1133 4528 1255 4579 orationis.
1282 4529 1318 4579 Ar
1330 4528 1395 4579 eninr
1406 4528 1525 4594 Verpoor-

502 4599 527 4648 9.
539 4599 618 4663 Hrrius
631 4601 759 4665 temporis]
779 4602 857 4668 Hujus
873 4602 921 4651 mei
934 4600 971 4650 in·
1022 4614 1070 4655 ten.
1077 4604 1129 4669 jem
1139 4603 1238 4662 rident,
1246 4603 1276 4654 τὸ
1283 4619 1344 4652 curn
1352 4600 1439 4669 opponi
1449 4605 1524 4657 mir.
