3609 5967
491 762 557 831 482
778 754 824 829 Ῥ.
849 758 1017 827 OVIDII
1039 758 1255 827 NASONIS

492 936 603 1011 Arcis
621 947 664 1010 nt
680 935 821 1011 Actaeae
833 935 890 1010 vel
910 936 1068 1023 ebume,
1082 934 1142 1009 vel
1160 958 1268 1009 aenea
1283 946 1418 1009 custos

545 1050 692 1127 Bellica
710 1049 895 1126 Phidiaca
912 1059 989 1125 stat
1007 1049 1093 1125 Dea
1106 1049 1209 1125 secta
1225 1076 1362 1140 manu3

493 1168 681 1243 Vendicat
692 1179 736 1241 ut
746 1166 915 1243 Calamis
933 1167 1099 1255 laudem,
1111 1192 1209 1265 quos
1221 1166 1325 1254 fecit,
1336 1191 1545 1265 equorum

547 1284 601 1359 Ut
618 1283 752 1359 similis
768 1308 868 1360 verre
886 1307 1004 1359 vacca
1021 1283 1195 1385 Myronis
1213 1308 1332 1382 opus3

495 1399 559 1473 Sic
574 1424 646 1496 ego
659 1423 746 1499 pars
762 1422 886 1475 rerum
904 1424 981 1474 non
995 1400 1141 1486 ultima,
1155 1398 1287 1487 Sexte,
1295 1408 1458 1485 tuarum,
1492 1400 1549 1469 35

544 1512 768 1615 Tutelaeqne
786 1515 883 1591 seror
900 1539 1039 1590 munos
1056 1538 1231 1615 opusque
1247 1525 1336 1587 tuae.
1494 1519 1499 1529 '

813 1994 1143 2070 EPISTOLA
1177 1994 1232 2068 Il.

903 2178 1140 2246 *SEVERQ

497 2335 621 2422 Quor>
639 2336 749 2433 legis,
767 2361 790 2409 ο
807 2344 913 2411 vetes
930 2358 1154 2433 magnorum
1172 2335 1338 2409 maxime
1355 2358 1494 2432 regum,
1606 2399 1611 2408 .

547 2452 663 2527 Venit
679 2453 729 2526 ab
747 2451 907 2527 intonsis
924 2476 1060 2551 usque,
1082 2452 1234 2540 Severe,
1253 2450 1377 2527 Getis.

526 2666 571 2719 Bl.
582 2670 649 2719 Arrii
663 2680 690 2718 nt
702 2668 805 2732 Artem]
823 2666 923 2717 Pnidiu
938 2684 1000 2733 pre-
1049 2668 1105 2719 darn
1122 2676 1211 2719 sortm
1228 2683 1299 2718 nemo
1313 2666 1372 2717 estis
1387 2682 1449 2717 nunc
1463 2669 1548 2734 lugere

497 2752 534 2793 ter
547 2744 641 2799 Jovern,
657 2740 715 2793 lecit
730 2750 755 2793 et
774 2756 804 2791 ex
820 2743 892 2791 ebore
907 2741 1001 2791 Miner·
1048 2752 1135 2809 potest.

497 2832 553 2867 vern
564 2816 676 2874 Athenis,
686 2824 711 2865 et
728 2831 758 2865 rx
775 2831 822 2865 rere
840 2823 890 2865 tem
906 2816 1000 2865 eximie
1082 2819 1124 2866 ³4.
1137 2816 1171 2865 Ut
1179 2818 1260 2865 fissilis
1270 2816 1349 2880 nne]
1359 2816 1399 2867 De
1409 2818 1550 2882 Myronesc

497 2889 691 2957 pulchritudinis,
704 2898 732 2939 nt
750 2905 766 2939 e
781 2889 856 2939 lorme
869 2906 1001 2956 cognomen
1048 2890 1103 2956 ejus
1112 2905 1189 2939 mccc
1201 2890 1274 2940 etiem
1285 2890 1380 2940 Plinius
1389 2890 1477 2939 scribit.
1508 2893 1548 2939 Si-

498 2964 627 3032 ecceperit.
661 2966 701 3015 De
719 2964 806 3030 quibus
821 2964 860 3013 lric
876 2972 948 3031 poete
964 2964 1000 3015 in·
1050 2965 1113 3012 milis
1130 2980 1196 3012 uere.
1211 2962 1300 3012 Simrlis
1316 2980 1398 3013 vsccae
1417 2963 1549 3014 rim-In

496 3038 594 3105 telligit.
632 3038 687 3089 Fuit
711 3046 736 3089 et
763 3038 789 3089 in
813 3038 1001 3089 arcemone·
1050 3052 1150 3086 neem
1163 3038 1281 3102 Myronis,
1290 3037 1406 3093 stetmrii,
1416 3036 1550 3089 Eleutheris

498 3130 551 3165 rum
568 3112 685 3163 Minerva
706 3112 871 3170 simulacrum,
895 3113 927 3163 de
952 3129 1002 3179 qno
1051 3111 1111 3167 nati,
1123 3126 1205 3160 vacce
1220 3111 1281 3160 vivre
1298 3111 1550 3170 simillimambellis·

498 3186 563 3237 lemn
574 3186 700 3245 increbuit,
711 3184 776 3253 qnod
787 3185 818 3235 de
832 3186 895 3235 coelo
906 3187 1000 3237 cecide·
1050 3185 1111 3235 nme
1131 3194 1189 3235 sunt
1212 3186 1383 3251 epigmmmsts
1408 3187 1433 3236 in
1450 3186 1552 3237 Antlrol.

498 3262 537 3312 rit.
1051 3260 1319 3326 Epignmusctiniv.
1345 3262 1458 3311 Hennes.

531 3336 633 3400 Aeta]
644 3334 671 3385 lr.
678 3351 700 3385 e.
707 3334 870 3391 Atheniensis,
877 3336 908 3385 ab
917 3333 1001 3385 Acten

499 3410 574 3477 primo
594 3424 650 3475 rege
668 3408 693 3458 in
710 3422 740 3457 en
757 3410 862 3474 regione,
877 3424 932 3474 qun
947 3416 1002 3475 post
1083 3408 1231 3472 ’SerennJ
1244 3407 1550 3474 Duonuuntpoem

500 3482 584 3533 Attice
600 3482 722 3533 mninsts
735 3490 780 3541 est,
791 3500 815 3531 v.
831 3483 936 3532 Paumn.
947 3482 965 3531 i.
977 3484 1002 3530 2.
1052 3482 1116 3533 mine
1136 3482 1231 3543 swern
1252 3483 1313 3532 alter
1328 3484 1427 3532 Caenus
1442 3486 1551 3544 Severus,

500 3576 525 3624 p.
540 3558 564 3607 7.
582 3566 625 3608 sut
643 3556 674 3606 eb
690 3555 756 3622 ἀκτῇ
772 3555 861 3606 littore.
888 3558 1002 3607 nrum.
1051 3558 1188 3607 Parmensis
1203 3557 1342 3624 petris,qui
1358 3557 1385 3606 in
1398 3558 1551 3626 eeiePlrilip-

503 3632 582 3681 Gruter
592 3633 681 3681 buten.
699 3629 821 3679 Desbelli
832 3628 953 3690 Minerrs,
964 3646 1001 3681 sr-
1052 3633 1107 3698 pica
1124 3648 1166 3698 pro
1183 3632 1268 3681 Cossio
1281 3648 1311 3681 ec
1329 3632 1406 3681 Bruto
1420 3636 1550 3698 pugnavit:

501 3704 566 3755 cium
576 3714 656 3756 custos
665 3712 691 3754 et
700 3719 797 3769 preses.
1051 3722 1106 3756 mox
1117 3705 1227 3757 Athenas
1241 3722 1294 3755 sese
1303 3706 1415 3764 eontulit,
1423 3707 1489 3758 nbis
1499 3709 1551 3758 Va·

534 3780 577 3829 ³2.
599 3779 673 3842 Stat]
693 3778 750 3828 Nou
765 3776 842 3835 sedet,
860 3776 904 3827 sed
920 3786 1003 3828 erecte
1051 3781 1095 3837 rio,
1108 3780 1207 3829 consilio
1224 3788 1298 3845 atque
1314 3775 1430 3829 instinctu
1439 3780 1551 3845 Augusti,

501 3860 526 3902 et
536 3860 602 3901 stans
613 3853 689 3917 posite
703 3852 756 3901 luit.
791 3851 867 3900 Manu
879 3852 1002 3901 Phidiaco.
1051 3854 1145 3903 occisus
1157 3853 1261 3906 dicitnr:
1278 3853 1310 3903 (le
1323 3870 1374 3919 qno
1385 3854 1431 3904 hoe
1446 3855 1498 3904 loeo
1511 3857 1550 3906 in·

502 3926 579 3977 Manu
591 3924 684 3973 Pridie
695 3922 856 3982 Atheniensis,
868 3924 910 3989 qui
924 3925 1003 3974 floruit
1052 3927 1129 3994 telligi
1143 3944 1190 3978 non
1205 3935 1294 3993 potest,
1304 3928 1402 3993 quando
1411 3928 1463 3978 lraec
1472 3933 1551 3995 proxi-

502 3996 637 4064 olympiede
648 3995 794 4061 octogesima
804 4005 897 4063 quarte,
909 3998 1003 4048 circiter
1052 4017 1092 4051 mo
1105 4011 1161 4052 ente
1171 4002 1276 4067 Augusti
1289 4002 1382 4051 obitum
1393 4019 1455 4053 enno
1464 4005 1552 4071 scripta

502 4070 668 4123 tercentesimo
678 4070 794 4119 Romffl
805 4070 871 4119 urbis
881 4086 953 4119 anno.
1052 4084 1117 4125 sunt.
1138 4077 1226 4142 Neque
1233 4077 1307 4127 etiarn
1313 4076 1475 4127 celebr-sterne
1481 4089 1552 4144 poeta

536 4148 577 4197 3³.
594 4146 704 4195 Vendicot
717 4154 744 4192 et
757 4144 877 4208 Caum]
897 4144 1004 4195 Cnlurnis
1052 4150 1148 4200 videtur
1163 4166 1227 4209 enm,
1238 4165 1312 4217 quem
1320 4151 1444 4216 Augustus
1455 4152 1552 4203 odisset.

500 4220 541 4272 sni
561 4220 674 4287 temporis
694 4217 803 4285 egregins
824 4218 923 4267 artilex:
946 4219 1004 4269 lecit
1054 4223 1123 4273 Alter
1143 4224 1189 4274 luit
1209 4224 1333 4274 Cornelius
1353 4226 1461 4283 Serme,
1480 4236 1553 4292 ports

501 4296 568 4346 enlm
580 4292 707 4360 quadriges
719 4294 821 4343 maxime
836 4292 956 4355 celebres;
973 4293 1005 4343 de
1053 4296 1145 4363 epicns,
1160 4298 1192 4347 de
1208 4314 1256 4363 quo
1270 4298 1381 4349 merninit
1394 4299 1497 4357 Quintil.
1510 4302 1553 4351 In·

503 4386 554 4436 qno
572 4369 675 4427 Plinius,
692 4368 735 4418 lib.
753 4366 833 4417 xxxiv.
852 4382 907 4434 cap.
922 4370 947 4417 8.
964 4367 1005 4417 nbi
1054 4371 1104 4421 stit.
1114 4372 1268 4422 Oretliba.
1318 4412 1325 4425 .

504 4443 608 4509 legende
628 4452 683 4493 sunt
707 4441 804 4491 hnmani
824 4440 913 4506 ingenii
933 4442 1005 4491 mirs-
1090 4447 1111 4494 1.
1125 4442 1335 4512 Voteeriragsornn
1347 4448 1551 4513 minem]

503 4518 571 4576 culs,
587 4516 680 4583 quibus
699 4514 811 4567 inclaruit
832 4516 929 4566 Grecis
953 4516 1006 4575 ills,
1055 4518 1130 4569 Multi
1157 4536 1188 4570 es
1210 4520 1314 4585 entiqu'u
1334 4524 1434 4570 nerim
1457 4538 1555 4589 regen

506 4592 611 4642 omnium
628 4590 713 4642 entium
732 4590 910 4657 percussurus
928 4590 1006 4641 inlen-
1054 4592 1142 4657 probe:
1159 4593 1301 4659 inlrsssleg.
1311 4592 1357 4666 ult.
1367 4594 1399 4645 9:
