3609 5967
433 730 478 799 26
727 731 767 796 Ρ.
791 728 953 797 ovlml
974 727 1188 795 NASONIS

434 904 535 991 Quid
552 904 742 981 lacerent?
769 904 842 1002 ipsi
859 902 961 976 nnllo
977 902 1143 977 didicere
1159 903 1362 999 magistro:

483 1020 575 1095 Arte
592 1019 721 1094 Venus
738 1018 841 1091 nulla
855 1017 968 1089 dulce
984 1019 1130 1115 peregit
1145 1041 1255 1115 opus.
1396 1027 1473 1095 480

433 1136 525 1211 Ales
537 1136 663 1221 habet,
673 1132 775 1231 quod
785 1142 904 1207 amet:
917 1156 1005 1205 cum
1014 1156 1171 1229 qnosna
1180 1134 1473 1233 gaudiajnngat,

486 1250 635 1327 Invenit
652 1250 689 1323 in
707 1248 831 1323 medid
850 1246 989 1321 femina
1003 1247 1128 1344 pisces
1145 1250 1259 1345 aqud.

436 1365 559 1445 Cerva
574 1390 702 1465 parem
719 1364 911 1462 seqnitur;
938 1386 1094 1461 serpens
1111 1376 1287 1461 serpente
1300 1376 1469 1441 tenetur:

484 1480 614 1557 Haeret
629 1479 810 1555 adulterio
827 1502 915 1551 cum
930 1502 1024 1551 cane
1042 1502 1142 1551 nexa
1157 1479 1275 1551 canis.

434 1596 538 1671 Laeta
550 1597 679 1671 salitur
691 1596 791 1668 ovis:
820 1605 926 1669 touro
942 1618 1096 1691 quoqne
1107 1596 1196 1669 laeta
1206 1596 1371 1692 juvenca
1387 1608 1464 1671 cst:
1520 1634 1528 1643 ·

447 1752 452 1771 ι
483 1714 652 1789 Sustinet
668 1711 900 1785 immundum
918 1712 1014 1787 sima
1028 1713 1176 1810 capella
1191 1736 1345 1786 marem.
1388 1720 1469 1787 486

435 1828 480 1903 ln
496 1829 609 1905 furias
626 1828 813 1925 agitantur
830 1852 952 1925 equae,
971 1829 1168 1927 spatioque
1186 1840 1330 1902 remota

482 1943 557 2020 Per
572 1946 656 2019 loca
670 1942 841 2017 dividuos
858 1966 969 2017 amne
985 1954 1193 2041 sequuntur
1211 1967 1342 2040 equos.

433 2057 534 2155 Ergo
551 2082 642 2156 age;
669 2070 708 2132 et
725 2058 826 2131 iratae
844 2058 1094 2132 medicamina
1108 2058 1219 2132 sortia
1236 2060 1384 2157 praebe:

484 2174 555 2248 llln
570 2172 636 2247 leri
655 2173 821 2271 requiem
839 2173 920 2247 sola
934 2173 1073 2247 doloris
1090 2173 1244 2248 habent.
1395 2179 1469 2249 490

434 2288 506 2364 llla
522 2286 766 2363 Machaonios
784 2300 960 2387 superant
977 2290 1226 2365 medicamina
1242 2313 1397 2364 succos:

483 2404 566 2493 His,
580 2406 644 2479 nbi
663 2405 840 2503 peccdris,
862 2406 1115 2480 restituendus
1131 2406 1217 2479 eris.

434 2519 528 2595 Haec
544 2544 615 2617 ego
632 2542 719 2593 cum
736 2543 921 2607 canerem,
940 2522 1065 2595 subito
1083 2520 1302 2595 manifestus
1319 2522 1455 2621 Apollo

483 2634 604 2710 Movit
620 2636 797 2711 inauratae
815 2637 950 2735 pollice
967 2638 1031 2711 fila
1047 2638 1152 2735 lyrae.

433 2752 478 2828 In
495 2752 666 2829 manibus
683 2753 808 2827 laurus
825 2780 833 2827 :
862 2754 979 2827 sacris
995 2754 1150 2828 inducta
1164 2755 1309 2852 capillis
1394 2760 1468 2829 495

484 2868 626 2943 Laurus
643 2878 742 2943 erat:
770 2878 874 2943 vates
893 2869 955 2942 ille
972 2869 1156 2943 videndus
1175 2869 1264 2966 agit.

433 2984 472 3059 ls
490 2984 592 3070 mihi,
612 2981 769 3068 Lascivi,
787 2983 896 3069 dixit,
915 2993 1123 3081 preceptor
1140 2983 1301 3069 Amoris,

438 3184 443 3193 ,
482 3100 579 3185 Duc,
599 3120 681 3193 age,
700 3097 905 3195 discipulos
924 3098 971 3172 ad
989 3122 1074 3172 mea
1090 3100 1233 3197 templa
1249 3111 1346 3171 tncs.

435 3214 505 3289 Est
520 3213 572 3287 ibi
590 3212 776 3286 diversum
794 3210 894 3284 fami
912 3213 1101 3286 celebrata
1117 3239 1184 3311 per
1200 3216 1330 3287 orbem

438 3404 444 3410 ,
485 3328 631 3417 Litera;
660 3327 834 3422 cognosci
853 3352 939 3424 qnae
960 3329 1031 3403 sibi
1049 3355 1239 3428 quemque
1251 3332 1374 3427 jubet.
1394 3336 1467 3405 500

433 3674 487 3731 Quo
497 3670 593 3737 quidem
605 3670 747 3734 ingeniosius
763 3671 819 3720 nihil
832 3674 862 3720 ab
880 3688 922 3721 an·
965 3678 1069 3736 juvenco
1078 3686 1120 3723 cst.

431 3746 502 3813 tiquis
516 3745 675 3809 excogitatum
691 3752 762 3810 puto3
779 3762 808 3794 ne
823 3756 924 3811 excepta
1004 3752 1060 3798 500.
1071 3751 1291 3814 Cognosciqomilri,
1300 3747 1358 3809 dcc]
1366 3747 1467 3796 Celebre

431 3820 526 3886 quidem
537 3818 639 3867 mirabili
650 3820 710 3867 adeo
720 3819 751 3869 de
765 3821 873 3869 Pandora
889 3821 923 3869 la·
971 3821 1468 3885 scilicetitludrnne1nnmnn‚quod

431 3894 496 3943 buln.
529 3894 619 3941 Arion.
971 3896 1055 3944 ecalo
1068 3896 1218 3943 descendisse
1228 3895 1341 3945 Juvenal.
1351 3894 1422 3943 stur.
1433 3896 1467 3942 xi.

464 3966 923 4030 ⁴78.Gurutiterontuaosoemincoirqoc
972 3972 1011 4018 27.
1037 3980 1062 4019 et
1084 3980 1172 4031 pectore
1195 3973 1285 4017 memori
1313 3972 1467 4023 tractandum,

430 4042 501 4105 tora]
524 4042 655 4089 loeorecte
671 4040 810 4106 comprimi
820 4041 923 4091 editione
972 4044 1123 4109 predicebat.
1147 4041 1467 4107 Necinjnriaquidem,qni-

429 4115 520 4182 scripti·
531 4114 620 4165 namin
632 4123 680 4163 toro
691 4130 737 4163 non
747 4122 829 4164 statur.
839 4122 864 4163 et
878 4116 923 4164 tori
972 4132 1073 4181 eumque
1095 4116 1166 4165 luerit
1184 4125 1275 4171 auctor,
1294 4131 1325 4163 ex
1341 4115 1393 4178 ipw
1408 4117 1468 4163 celo

430 4200 487 4241 urus
502 4186 544 4236 illa
556 4194 696 4252 tempestate
709 4187 774 4237 haud
789 4187 851 4235 ullus
864 4197 923 4245 erat,
972 4190 1097 4239 demissam
1107 4189 1194 4239 dixeris
1203 4187 1353 4245 sententiam,
1363 4188 1434 4244 unde,
1445 4188 1466 4236 si

430 4260 792 4327 nisllrondetprotoroaccipis.
827 4262 915 4311 llnrss.
972 4266 1058 4314 rectius
1077 4274 1191 4321 servetur,
1212 4265 1342 4313 efflorescat
1365 4262 1468 4309 humana

432 4360 437 4369 ·
462 4337 519 4386 tto.
536 4334 651 4398 Solitum]
670 4334 768 4399 Calpur.
780 4334 832 4383 Ecl.
843 4352 865 4381 v.
971 4338 1072 4388 {elicitas
1084 4354 1179 4387 necesse
1194 4346 1240 4387 est.
1277 4334 1325 4383 Sed
1342 4333 1466 4383 latendum

460 4410 622 4472 liminumque
637 4424 704 4470 pacui
719 4408 822 4455 tollentes
838 4411 921 4470 accipit
971 4422 1007 4460 est
1017 4412 1138 4466 Nostrum,
1145 4410 1251 4459 divinum
1262 4410 1309 4459 hoc
1320 4416 1468 4472 preceptum

487 4482 573 4530 'hirom
970 4482 1280 4533 levioribondmodumnic
1291 4481 1361 4530 rebus
1371 4495 1463 4529 necom-

427 4552 607 4604 Matienius
616 4553 728 4609 melebut,
737 4562 803 4601 tauro
814 4569 856 4601 ruo
868 4552 918 4599 loeto
971 4556 1073 4605 modare,
1106 4556 1194 4605 Augu,
