3609 5967
763 734 803 799 P.
830 730 1233 847 OVIDII'NASONIS

481 914 585 1001 Quid
603 934 786 1010 generum
810 906 957 981 Peliae?
983 905 1077 1003 quid
1100 904 1274 981 Thesea?
1300 909 1441 1006 quidve
1461 910 1535 987 Pe·

631 1029 794 1124 lasgum,
837 1030 841 1034 ’

530 1146 686 1222 Iliacam
703 1140 832 1238 tetigit
847 1138 915 1236 qui
933 1147 1014 1211 rate
1033 1136 1177 1235 primus
1194 1139 1377 1215 humum?

481 1263 568 1337 Huc
587 1262 680 1347 Iole,
699 1256 915 1357 Pyrrhique
932 1277 1087 1352 parens3
1116 1254 1203 1327 hnc.
1211 1252 1388 1331 Herculis
1407 1282 1514 1345 uxor,

529 1378 617 1454 Huc
635 1375 793 1453 accedat
811 1371 947 1471 Hylas,
968 1369 1187 1469 Iliadesque
1206 1396 1313 1469 puer.

1458 1378 1533 1449 406

478 1494 666 1594 Tempore
683 1489 850 1574 deficiar,
868 1486 1033 1581 tragicos
1052 1485 1088 1565 si
1101 1510 1310 1584 persequar
1326 1486 1455 1585 ignes;

528 1610 682 1707 Vixque
698 1630 807 1681 meus
825 1602 953 1701 capiat
969 1602 1124 1677 nomina
1140 1602 1243 1677 nuda
1259 1603 1367 1678 liber.

479 1724 551 1799 Est
567 1735 607 1799 et
623 1724 662 1796 in
679 1723 879 1807 obscoenos
896 1717 1048 1792 deflexa
1061 1719 1247 1813 tragoedia
1263 1719 1373 1809 risus,

528 1838 729 1936 Multaque
746 1834 929 1935 praeteriti
946 1834 1062 1909 verba
1079 1835 1233 1934 pudoris
1252 1837 1390 1911 habet:
1454 1839 1530 1909 410

396 1978 401 1987 ·
477 1954 514 2029 N
517 1979 562 2029 ec
580 1965 693 2029 nocet
710 1950 866 2037 auctori,
884 1949 1039 2023 mollem
1057 1950 1123 2047 qui
1141 1950 1232 2025 lecit
1249 1950 1452 2039 Achillem,

530 2069 735 2167 infregisse
753 2066 832 2143 suis
849 2065 962 2141 fortia
973 2064 1076 2141 facta
1092 2067 1227 2143 modis.

476 2284 700 2343 contendantunde
706 2284 825 2333 Hercules
831 2280 980 2348 Lycophroni

476 2358 619 2426 rprlssrspoc
628 2357 693 2410 hiera
703 2357 799 2407 dicitur.
815 2356 907 2405 Herus.
925 2354 979 2403 He-

475 2452 551 2483 nese.
584 2431 714 2497 Antigone,
723 2439 843 2480 contemto
853 2429 941 2485 edicto,
949 2442 986 2477 ne-

477 2508 532 2576 qnis
557 2506 689 2572 Polynicen
715 2514 833 2555 morarum
859 2504 979 2570 sepeliret,

477 2598 541 2641 eum,
559 2581 671 2647 quoniam
692 2580 765 2629 frater
784 2588 843 2636 erat,
862 2578 979 2627 humavit.

476 2656 643 2725 Deprehensa,
652 2655 721 2720 jussu
736 2652 846 2703 Creontis
861 2651 924 2717 regis
937 2651 979 2716 ju·

476 2728 713 2798 gulaturexlegead
723 2727 842 2777 mmulum
849 2724 978 2791 Polynicis.

476 2808 587 2862 Haemon,
598 2804 640 2869 qui
649 2817 704 2853 eam
713 2800 864 2868 impatienter
873 2801 978 2857 amabat,

475 2879 581 2947 peiloeso
600 2885 696 2944 pectem
716 2874 806 2943 gladio,
825 2874 915 2924 ibidem
931 2872 978 2922 sibi

475 2962 576 3004 mortem
589 2950 713 3001 conscivit.
746 2952 809 2999 Eum
823 2956 926 3013 sequuta
941 2955 979 2995 est

475 3037 553 3077 mater
562 3022 683 3091 Eurydice
693 3022 780 3073 doloris
790 3022 925 3088 impatiens.

508 3103 566 3151 408.
591 3099 656 3154 Quid
674 3114 785 3164 psoras·
806 3096 876 3145 Pslic
882 3095 905 3158 1]
932 3095 979 3143 Per

473 3192 585 3242 purum
598 3174 677 3229 Pelia,
687 3170 818 3221 Admetum
834 3170 925 3235 accipe,
936 3168 978 3234 qui

475 3251 599 3306 Alcesten,
612 3245 687 3296 Pelia
698 3245 772 3294 liliam
783 3244 897 3311 majorem
908 3253 975 3299 netu,

475 3323 638 3388 despondente
647 3322 663 3372 J
665 3336 745 3377 usone,
756 3328 811 3385 post
820 3318 913 3369 Peliam
922 3318 977 3367 Me-

474 3398 527 3447 dea
541 3395 626 3445 fraude
640 3403 780 3459 peremtum,
791 3392 861 3442 duxit
870 3408 976 3442 uxorem.

474 3469 594 3533 Designat
607 3475 686 3516 autem
702 3466 741 3514 hic
758 3466 861 3516 Ovidius
870 3466 976 3515 Alcestis

388 3530 393 3543 '
474 3541 625 3609 cragoediern,
641 3554 714 3605 quam
733 3540 859 3605 Euripides
874 3539 976 3607 scripsit.

476 3619 540 3673 Quid
552 3615 652 3664 lberoni
666 3612 821 3677 Tragoediam
836 3614 867 3663 de
882 3614 977 3663 Theseo

473 3691 591 3756 intellige,
604 3690 645 3755 qni
655 3695 727 3737 umus
737 3696 814 3736 estex
825 3688 912 3737 AEtbra
922 3688 975 3737 Pit-

460 3765 525 3814 ·tbei
534 3765 594 3821 filie,
604 3778 633 3812 ac
643 3764 765 3827 Neptuno,
773 3762 798 3810 in
805 3762 920 3811 Troesene
931 3778 975 3811 nu-

472 3836 974 3903 trituspenesPittbeummatemumavum:

473 3926 502 3960 sc
511 3910 581 3974 signa
590 3911 621 3959 ab
632 3906 712 3974 AEgeo
724 3910 769 3959 sub
783 3924 841 3960 saxo
851 3909 929 3976 posita
939 3926 975 3959 re·

472 4000 625 4049 cognoscens,
646 3983 756 4033 Athenas
775 3984 850 4033 venit.
891 3985 926 4040 Is,
948 3992 975 4033 nt

473 4057 974 4116 Herculisvirtutesimitaretur,edeacer·

473 4132 565 4185 tamine
578 4132 683 4182 animm
698 4131 860 4198 adjecitque
876 4131 973 4182 laudem

472 4216 498 4256 et
506 4204 744 4272 gloriamsibiessent
753 4204 871 4254 adlatura.
899 4206 974 4261 Quid-

472 4299 499 4331 ιιι
521 4282 653 4346 Pelasgicos,
661 4278 766 4328 Iliacum.
806 4279 972 4329 Protesilaum.

473 4351 973 4422 Pelasganautemrocatquia‘l'hessalus

471 4428 526 4478 luit.
557 4429 654 4493 Pelasgi
678 4436 759 4477 autern
784 4427 934 4477 Thessaliam
957 4444 972 4477 a

471 4502 588 4568 principio
597 4512 702 4554 tenuere.

503 4577 561 4628 sos.
579 4578 635 4627 rue
651 4578 720 4642 na]
744 4566 842 4642 nupt·
853 4577 970 4629 mani·

1029 2281 1091 2347 regis
1105 2281 1164 2338 filia,
1181 2284 1212 2333 ab
1229 2282 1333 2332 Hercule
1346 2282 1530 2347 amam—Pyr·

1029 2358 1109 2420 riuique
1116 2372 1210 2419 parm.
1243 2356 1378 2414 Deidamia,
1388 2356 1473 2421 Pyrrhi
1479 2374 1531 2407 ma-

1029 2438 1073 2487 ter.
1089 2431 1232 2497 Lycomedis
1249 2432 1374 2495 Scyrorunr
1393 2432 1456 2497 regis
1469 2432 1529 2490 filia,

1029 2504 1094 2571 apud
1105 2521 1177 2571 quem
1187 2506 1272 2555 Thetis
1281 2504 1404 2555 Achillem
1415 2508 1461 2555 sub
1474 2522 1529 2555 mn·

1028 2579 1096 2629 liebri
1106 2579 1192 2630 babitu
1202 2579 1305 2629 celarit:
1322 2580 1436 2645 quoniam
1447 2596 1462 2629 a
1472 2582 1530 2629 Pm-

1028 2660 1067 2703 teo
1077 2662 1210 2720 acceperat,
1221 2653 1288 2705 illum
1299 2654 1430 2719 periturum
1442 2670 1494 2703 esse
1504 2654 1529 2703 in
1551 2694 1557 2705 .

1027 2727 1092 2777 bello
1111 2728 1321 2794 Trojano-Hae
1338 2727 1449 2776 Herculis
1463 2746 1529 2777 usur.

1027 2802 1153 2867 Megaram
1163 2801 1231 2860 dicit,
1240 2817 1314 2868 quam
1324 2802 1403 2851 Creon
1413 2818 1454 2852 rex
1465 2802 1528 2853 The-

1026 2875 1119 2933 barum,
1135 2875 1232 2941 cognita
1249 2875 1363 2925 Herculis
1380 2875 1477 2933 virtute,
1492 2876 1527 2927 illi

1026 2966 1125 3000 urorern
1135 2949 1211 3008 dedit,
1221 2950 1334 3015 urbisque
1344 2950 1375 3008 si,
1386 2950 1461 3001 relati
1471 2952 1527 3011 atio,
1544 2972 1560 2979 -

1027 3028 1108 3073 curam
1119 3026 1234 3090 permisit.

1059 3100 1116 3148 ⁴06.
1141 3098 1196 3148 Hae
1211 3101 1304 3148 accedat
1323 3098 1420 3163 Hylas]
1449 3098 1526 3163 Hylas

1026 3188 1086 3238 puer
1096 3172 1148 3230 fuit,
1155 3188 1235 3222 cornea
1242 3172 1361 3230 Herculis,
1369 3188 1441 3238 quem
1449 3172 1528 3221 ambit

1027 3246 1052 3295 in
1062 3247 1130 3296 Ionia
1137 3248 1208 3314 juxta
1218 3246 1332 3312 Mysiam,
1343 3256 1369 3295 et
1379 3262 1453 3311 quum
1463 3263 1527 3296 com-

1026 3330 1128 3386 pertum,
1152 3322 1296 3371 astinetum
1324 3335 1376 3371 esse
1402 3319 1428 3369 in
1454 3321 1527 3377 mute,

1024 3394 1134 3447 instituta
1143 3403 1199 3445 suut
1208 3409 1284 3452 sacre,
1291 3395 1316 3443 in
1327 3394 1415 3459 quibus
1424 3394 1475 3459 ejus
1485 3410 1529 3443 no·

1025 3483 1080 3517 rnen
1091 3468 1239 3517 clamabatur
1250 3467 1275 3516 in
1283 3466 1526 3517 lontibus—lliades-

1025 3558 1067 3605 qsss
1081 3558 1147 3605 puer.
1180 3544 1212 3591 Et
1229 3540 1383 3607 Ganymedes
1402 3542 1526 3607 Trojanus,

1025 3616 1089 3671 filius
1097 3617 1165 3667 Troia
1175 3615 1244 3682 regis,
1255 3625 1280 3665 et
1290 3616 1363 3665 frater
1374 3615 1405 3665 Ili
1416 3625 1441 3664 et
1451 3616 1525 3665 Assa-

1025 3705 1083 3740 raes.

1058 3766 1114 3813 410.
1132 3764 1525 3828 umaqaopmmowsapoaa

1025 3842 1058 3887 ris
1067 3837 1155 3901 buben]
1174 3838 1256 3887 Multa
1265 3837 1340 3888 habet
1350 3838 1375 3887 in
1385 3838 1471 3903 quibus
1479 3854 1525 3903 pu·

1019 3912 1068 3961 dor
1083 3921 1120 3961 est
1130 3912 1271 3977 praeteritus,
1282 3927 1298 3961 a
1307 3912 1395 3977 quibus
1405 3912 1473 3961 abeat
1484 3928 1526 3961 re·

1024 3985 1148 4035 recundia.

1057 4061 1113 4107 411.
1124 4058 1241 4122 Accion]
1253 4057 1361 4117 Quisille
1370 4057 1525 4115 luerit,ralde

1023 4134 1149 4183 obscurum
1165 4140 1209 4183 eat.
1241 4132 1337 4183 Merula
1350 4131 1525 4195 intelligitHo-

1023 4222 1130 4267 merum
1146 4206 1260 4255 Heinsius
1268 4205 1379 4262 Sotaden,
1389 4220 1405 4253 a
1413 4220 1461 4269 quo
1471 4220 1525 4255 car·

1012 4270 1088 4331 mina
1104 4280 1203 4331 sotades
1218 4280 1283 4331 dicta
1292 4286 1361 4340 snut,
1377 4277 1465 4329 meliis
1480 4294 1523 4328 au·

1022 4362 1072 4404 tero
1082 4353 1198 4420 Micyllus
1209 4364 1233 4404 et
1244 4356 1326 4405 Burns
1335 4362 1431 4420 poetam
1441 4368 1524 4418 qaena-

1022 4428 1087 4485 dam,
1099 4428 1141 4494 qui
1152 4429 1255 4478 Achillis
1270 4444 1361 4478 amores
1375 4426 1524 4492 descripserit

1021 4502 1130 4568 elegiaco
1141 4502 1223 4569 aliquo
1236 4500 1522 4567 carminaquiacarsaeu
1550 4497 1552 4505 ¹

1021 4576 1162 4642 Elegiacum
1181 4578 1212 4627 sb
1233 4576 1322 4630 Ouidio
1343 4574 1443 4642 aliisque
1460 4588 1523 4641 sepe
