3609 5967
497 765 563 832 us
788 764 828 848 1?-
852 762 1013 830 ov1n11
1038 721 1252 829 nnsonrs

499 933 726 1036 Mirarisque
743 939 848 1026 alios,
868 961 988 1035 quum
1005 936 1058 1010 sis
1075 934 1258 1010 mirabilis
1276 935 1372 1035 ipse,

550 1055 634 1130 Nec
651 1056 797 1130 lateant
812 1065 925 1142 artes,
945 1053 1217 1151 eloquiumque
1235 1062 1355 1127 tuum.
1500 1060 1551 1127 40

498 1170 553 1247 Te
567 1173 747 1270 juvenum
765 1170 956 1271 princeps,
975 1170 1037 1244 cui
1054 1170 1121 1244 dat
1138 1169 1344 1244 Germania
1360 1194 1510 1257 nomen,
1528 1177 1534 1186 '

549 1287 782 1385 Partieipem
799 1286 914 1360 studii
933 1285 1063 1360 Caesar
1080 1285 1220 1360 habere
1238 1286 1354 1360 solet:
1376 1352 1378 1355 Α

499 1401 557 1476 Tu
572 1427 700 1477 comes
718 1401 911 1500 antiquus,
923 1411 965 1474 tu
977 1400 1109 1501 primis
1121 1402 1280 1498 junctus
1298 1403 1347 1476 ab
1365 1402 1483 1489 anuis,

549 1517 709 1617 Ingenio
726 1542 850 1592 mores
867 1516 1137 1618 aequiparante,
1157 1519 1309 1617 places:

501 1634 555 1710 Te
573 1636 725 1732 dicente
738 1634 854 1732 prius,
873 1633 918 1706 fit
935 1633 1103 1730 protinus
1122 1633 1286 1732 impetus
1304 1634 1379 1724 illi;
1500 1638 1549 1708 45

550 1751 683 1850 Teque
701 1753 829 1839 habet,
848 1750 979 1826 elicias
997 1752 1063 1849 qui
1081 1775 1153 1825 sua
1167 1752 1283 1825 verba
1298 1752 1387 1825 tuis.

503 1868 631 1954 Quum
649 1878 691 1941 tu
709 1868 855 1955 desisti,
873 1868 1125 1967 mortaliaque
1142 1892 1209 1942 ora
1225 1869 1413 1966 quiemnt,

552 1985 770 2083 Clausaque
787 2009 863 2061 non
881 1986 995 2082 longa
1012 1986 1229 2060 conticuere
1247 2009 1364 2070 mora,

503 2100 633 2198 Surgit
651 2100 756 2174 luleo
770 2100 921 2199 juvenis
939 2101 1165 2198 cognomine
1181 2100 1331 2199 dignm,

552 2216 686 2302 Qualis
704 2218 752 2291 ab
772 2216 863 2292 Eois
883 2217 1033 2293 Lucifer
1050 2230 1155 2292 ortus
1174 2218 1296 2315 aquis.
1500 2223 1549 2292 50

503 2334 683 2432 Dumque
700 2333 816 2409 silens
830 2334 969 2421 adstat,
981 2344 1103 2408 status
1117 2344 1177 2409 est
1189 2334 1390 2431 vultusque
1404 2334 1548 2418 diserti,

554 2450 750 2548 Spemque
769 2450 911 2524 decens
929 2450 1052 2523 doctae
1069 2451 1172 2523 vocis
1192 2449 1352 2524 amictus
1369 2449 1496 2525 habet.

502 2564 611 2653 Mox,
622 2566 687 2640 ubi
698 2567 810 2665 pulsa
821 2578 1005 2654 moreest,
1017 2578 1132 2665 atque
1147 2591 1190 2640 ns
1200 2567 1353 2642 coeleste
1369 2567 1546 2653 solutum,

553 2680 638 2756 Hoc
658 2682 825 2781 Superos
838 2686 944 2783 jures
962 2708 1065 2758 more
1083 2685 1205 2758 solere
1222 2683 1349 2782 loqui:

500 2797 642 2896 Atque,
654 2799 735 2873 haec
749 2810 821 2889 est,
833 2800 952 2887 dicas,
964 2800 1138 2876 facundia
1151 2801 1322 2901 principe
1336 2800 1469 2898 digna3
1498 2805 1547 2875 55

553 2912 716 3014 Eloquio
733 2926 879 2991 tantum
897 2915 1106 2992 nobilitatis
1124 2917 1243 2992 inest!

502 3027 604 3106 Huic
621 3040 662 3105 tu
680 3055 798 3129 quum
817 3034 982 3130 placeas,
1002 3045 1042 3109 et
1057 3035 1199 3109 vertice
1217 3032 1341 3108 sidera
1356 3042 1504 3130 tangas,

383 3146 388 3152 ’
553 3146 705 3247 Scripta
721 3158 849 3222 tamen
866 3148 1015 3248 profugi
1032 3150 1130 3224 vatis
1147 3149 1322 3224 habenda
1339 3159 1463 3246 putas.

503 3263 661 3339 Scilicet
676 3263 838 3364 ingeniis
856 3264 986 3363 aliqua
1002 3275 1062 3339 est
1078 3265 1279 3341 concordia
1291 3265 1447 3363 junctis,

553 3377 606 3453 Et
622 3391 746 3455 servat
761 3380 877 3456 studii
894 3380 1037 3457 soedera
1053 3383 1217 3481 quisque
1234 3382 1305 3456 sui.
1499 3387 1549 3457 60

534 3576 575 3627 45.
588 3577 619 3626 Te
632 3580 721 3628 dicem
735 3578 821 3643 priua]
835 3580 870 3629 'l'e
880 3580 946 3646 prius
956 3581 1001 3631 ‹le-
1085 3580 1241 3644 saepemque
1250 3583 1329 3630 docem
1343 3581 1412 3629 docte
1424 3584 1548 3630 secuunt-

501 3652 629 3702 clamante.
663 3652 703 3702 Fr't
719 3655 825 3716 motinus
842 3656 940 3716 impetur
955 3656 1003 3703 illi.
1051 3672 1092 3704 eus
1101 3654 1188 3719 laten]
1210 3654 1268 3703 llec
1278 3652 1347 3701 nihili
1357 3664 1427 3702 mm:
1443 3655 1549 3720 quinque

502 3726 549 3776 vn
564 3726 706 3792 eloquentia
725 3727 803 3777 subito
817 3726 843 3776 in
858 3728 1003 3779 Germanico
1052 3736 1143 3779 veteres
1162 3731 1250 3778 &aaa
1281 3725 1363 3776 Scribe
1384 3727 1491 3792 Spuqu
1509 3732 1549 3778 de·

502 3801 621 3850 exoritur:
641 3811 666 3850 et
687 3801 806 3852 excitatur
826 3801 946 3868 cupiditas
966 3802 1003 3852 rli·
1051 3805 1181 3852 andeste
1190 3805 1249 3851 meu
1256 3804 1351 3850 serimus
1361 3801 1434 3850 law,
1456 3802 1486 3851 ln
1497 3803 1550 3868 ipen

502 3873 572 3924 cendi
593 3885 618 3924 et
636 3885 661 3924 te
679 3876 799 3941 aquandi.
835 3876 909 3940 Teque
929 3877 1003 3926 laben
1052 3876 1141 3926 amictu
1158 3891 1187 3925 ac
1202 3882 1260 3939 toga
1277 3873 1389 3925 decenter
1406 3876 1550 3941 complicata

503 3947 1003 4015 Ethnbetinteetudiieprmviumdncem
1049 3950 1100 4016 jam
1120 3965 1174 4017 spen
1194 3957 1232 3999 eet
1250 3948 1349 3999 emditn
1368 3948 1440 3999 vocis.
1471 3951 1549 4009 Quin-

479 4017 483 4022 “
503 4032 529 4072 et
539 4022 608 4088 quael
619 4023 719 4073 elterum
729 4032 907 4091 preceptorem.
1052 4022 1151 4073 lilinum
1168 4022 1257 4089 aliique
1276 4022 1333 4072 ertia
1347 4023 1454 4073 matoria
1471 4024 1548 4090 magi·

537 4098 579 4148 ⁴7.
587 4098 743 4163 Mortaliuqrw
752 4098 929 4164 arripuissem]
938 4096 1004 4146 Mor·
1051 4097 1102 4155 stri,
1111 4113 1158 4147 non
1171 4095 1294 4145 minimum
1305 4096 1392 4147 referre
1409 4113 1450 4146 nos
1461 4097 1549 4149 donent

503 4174 562 4223 talio
583 4172 741 4239 arpennum
761 4172 871 4223 ostendat
889 4173 1003 4222 Selauum
1052 4172 1083 4222 ad
1100 4170 1328 4223 commendationem
1345 4172 1449 4229 oratorie
1467 4182 1494 4222 nt
1511 4183 1549 4223 to·

503 4246 810 4304 mortalemssermanicum
821 4247 1003 4297 veroCesesetn
1051 4246 1227 4312 gmdeoenter
1237 4256 1372 4312 componat.
1394 4246 1482 4295 Herus.

503 4321 675 4372 divumsuiue
1084 4323 1124 4371 5³.
1143 4319 1236 4383 Putem]
1255 4319 1313 4370 lne.
1331 4320 1406 4369 linita.
1430 4322 1550 4388 Verpons.

536 4397 577 4447 ⁴8.
590 4396 745 4461 Gmticrrere]
757 4395 809 4445 Hoc
821 4394 919 4444 verbum
929 4408 1002 4444 noue
1051 4393 1116 4445 tenio
1127 4393 1240 4444 adludere
1247 4394 1340 4444 videtur
1351 4394 1381 4443 erl
1389 4395 1484 4445 Ulixem
1496 4395 1548 4445 Bo·

503 4474 611 4530 cannono,
622 4472 686 4537 quod
700 4486 817 4536 nusquam
829 4469 925 4535 legitur,
934 4470 976 4520 sed
987 4485 1003 4518 e
1052 4470 1166 4526 mericum
1176 4468 1248 4518 Iliad.
1258 4467 1290 4534 γ’.
1300 4470 1358 4518 216.
1366 4471 1423 4519 22⁴.
1435 4469 1549 4521 Hnue.

503 4546 710 4596 mtieeoeovenll.
736 4545 808 4596 (ἕπον.
1083 4547 1125 4594 59.
1135 4545 1239 4611 Ingentis
1244 4545 1357 4609 junctis]
1376 4545 1549 4610 lngenileoon·

537 4620 577 4668 49.
587 4619 705 4684 Jnoenis]
718 4617 886 4671 Germanicus.
1047 4618 1139 4684 junctis
1157 4628 1182 4668 et
1198 4616 1314 4682 colligatis
1332 4618 1357 4668 in
1376 4619 1458 4686 aliqua
1472 4618 1548 4669 duni·
