3609 5967
432 738 502 806 204
728 733 768 799 P.
792 728 954 797 OVIDII
978 727 1192 795 NASONIS

432 911 571 988 Divitis
588 907 730 1005 ingenii
748 917 809 981 est
825 902 1006 979 immania
1023 901 1187 976 Caesaris
1205 909 1292 975 acta
1410 904 1485 975 335

482 1026 679 1113 Condere3
709 1021 867 1097 materia
884 1043 932 1093 ne
950 1027 1149 1117 superetur
1165 1040 1274 1114 opus.

432 1143 485 1218 Et
500 1154 628 1217 tamen
646 1152 762 1214 a'usus
780 1161 905 1212 eram:
935 1135 1004 1209 sed
1021 1134 1232 1207 detrectare
1249 1132 1417 1217 videbar,

483 1257 673 1354 Quodque
690 1253 808 1341 nefus,
827 1252 967 1326 damno
984 1250 1125 1323 viribus
1142 1273 1227 1323 esse
1245 1248 1334 1322 tuis.

434 1373 496 1448 Ad
514 1374 598 1447 leve
616 1395 745 1445 rursus
764 1356 872 1467 opus,
887 1367 1070 1466 juvenilia
1085 1366 1266 1451 carmina,
1283 1364 1390 1453 veni3

485 1488 537 1563 Et
553 1489 648 1562 falso
667 1486 766 1583 movi
784 1488 920 1583 pectu's
939 1506 1066 1556 amore
1083 1504 1224 1555 meum.
1409 1482 1484 1551 340

434 1604 470 1679 N
474 1629 523 1678 ou
541 1602 719 1700 equidem
731 1586 884 1674 vellem:
913 1598 981 1671 sed
999 1621 1060 1672 me
1077 1621 1164 1671 mea
1179 1596 1259 1669 fata
1273 1595 1485 1679 trahebant,

487 1719 734 1816 lnquemeas
751 1738 883 1814 poenas
901 1712 1118 1810 ingeniosus
1136 1736 1253 1786 eram.

435 1833 522 1910 Heu
536 1834 640 1921 mibi,
654 1832 758 1932 quod
775 1832 906 1906 didici!
927 1830 1029 1927 quod
1042 1853 1103 1903 me
1116 1829 1280 1903 docuere
1296 1835 1485 1925 parentes,

486 1951 688 2047 Literaque
706 1935 770 2024 est
783 1949 913 2023 oculos
932 1948 1009 2021 nlla
1025 1957 1173 2019 morata
1188 1944 1317 2023 meos!

436 2065 531 2140 Haec
548 2066 616 2141 tibi
631 2089 693 2139 me
710 2064 873 2137 invisum
887 2061 1043 2137 lascivia
1055 2061 1157 2146 fecit,
1176 2061 1225 2134 ob
1243 2070 1357 2146 artes,
1412 2060 1487 2131 345
1558 2074 1563 2082 ·

486 2181 591 2266 Quas
609 2191 712 2255 ratus
731 2206 772 2255 es
789 2179 927 2254 vetitos
944 2179 1168 2252 sollicitasse
1184 2187 1300 2250 toros.

437 2299 516 2373 Sed
533 2321 658 2395 neque
675 2319 737 2371 me
754 2305 881 2393 nuptae
899 2294 1114 2368 didicerunt
1129 2292 1229 2367 furta
1245 2291 1447 2389 magistr03

487 2414 677 2512 Quodque
694 2436 828 2512 parum
845 2411 961 2496 novit,
978 2433 1089 2484 nemo
1107 2408 1245 2484 docere
1262 2418 1401 2507 potest.
1511 2510 1515 2521 ι

321 2548 326 2559 “
439 2532 503 2606 Sic
520 2554 592 2628 ego
609 2529 778 2615 delicias,
798 2539 838 2603 et
855 2528 985 2602 mollia
1000 2527 1169 2600 carmina
1184 2524 1270 2612 feci,

488 2646 693 2750 Strinxerit
708 2656 756 2719 ut·
768 2669 907 2720 nomen
923 2644 1053 2720 fabula
1069 2643 1173 2718 nulla
1189 2665 1329 2717 meum.
1413 2646 1488 2715 350

439 2764 522 2838 Nec
541 2762 744 2861 quisquam
761 2773 821 2837 est
838 2762 934 2835 adeo
952 2761 1079 2835 media
1095 2760 1144 2834 de
1161 2760 1275 2859 plebe
1293 2759 1462 2845 maritus,

489 2879 544 2952 Ut
559 2879 697 2953 dubius
714 2878 805 2959 nitio
820 2877 873 2951 sit
889 2887 999 2976 pater
1015 2878 1079 2951 ille
1096 2900 1193 2951 meo.

438 2996 563 3070 Crede
580 2995 684 3082 milri,
703 3019 827 3068 mores
845 2994 988 3069 distant
1005 3017 1028 3066 a
1044 2982 1210 3066 carmine
1227 2992 1346 3065 nostri
1356 3019 1367 3093 3

370 3166 374 3171 .
401 3174 406 3181 ,
486 3110 578 3185 Vita
592 3109 807 3185 verecunda
823 3121 897 3196 est,
918 3107 1033 3182 Musa
1044 3110 1188 3206 jocosa,
1208 3107 1321 3184 milri:
1397 3180 1403 3188 .

439 3226 658 3326 Magnaque
676 3250 762 3324 pars
781 3248 939 3325 operum
957 3225 1122 3299 mendax
1140 3234 1179 3298 et
1195 3224 1286 3297 ficta
1302 3247 1470 3298 meorum

489 3340 583 3415 Plus
600 3341 673 3415 sibi
691 3343 861 3439 permisit
878 3342 1130 3441 compositore
1148 3365 1229 3414 suo.
1415 3345 1488 3415 356

440 3455 523 3531 Nec
546 3456 642 3529 liber
661 3456 841 3531 indicium
865 3470 926 3533 est
941 3459 1068 3545 animi,
1088 3458 1157 3532 sed
1179 3458 1339 3532 honesta
1359 3458 1488 3558 volup·

490 3572 660 3646 Plurima
675 3574 888 3649 mulcendis
906 3576 1059 3649 auribus
1077 3585 1168 3673 apta
1184 3573 1321 3648 ferens.
1400 3576 1488 3671 [tas

436 3822 792 3896 mtentaudamartisperitiarn
806 3838 830 3880 et
844 3832 941 3882 navium
990 3832 1190 3882 seculiOvidiani
1205 3832 1356 3881 sitverbum.
1389 3832 1453 3881 Usus
1466 3841 1491 3880 et

439 3902 597 3960 habilitatem,
615 3904 711 3955 ludunt
742 3906 829 3956 Postea
845 3910 942 3957 'lmoriae
991 3907 1191 3956 eoTertullianus
1205 3923 1252 3956 non
1265 3907 1347 3955 semel.
1381 3906 1437 3954 Dno
1450 3905 1490 3954 alii

439 3993 514 4028 naves
529 3976 651 4028 levissima
666 3988 691 4029 et
706 3980 884 4046 expeditissima
898 3999 941 4031 na·
990 3984 1118 4030 detrectare
1135 3984 1228 4030 weber
1236 4000 1245 4040 ,·
1263 3997 1326 4030 unns
1340 3983 1490 4040 dedecorum

438 4051 588 4116 vigiadicta.
623 4053 713 4103 Buarr.
991 4053 1053 4103 clins
1063 4058 1187 4104 decertare.
1221 4056 1312 4104 Herus.

473 4126 529 4175 ³3⁷.
547 4126 591 4175 Sed
605 4128 732 4176 detrectare
746 4127 859 4190 uidebar]
879 4127 940 4193 Sep·
1024 4130 1081 4177 335.
1100 4129 1269 4179 Constructio:
1293 4140 1318 4178 et
1336 4129 1436 4178 videbar
1455 4128 1490 4177 vi·

438 4208 498 4257 tem,
512 4210 554 4251 ant
568 4210 622 4251 octo
633 4210 725 4251 veteres
741 4204 854 4251 delirare:
870 4200 940 4266 prim.
991 4201 1056 4250 ribus
1065 4203 1113 4251 tuis
1123 4202 1352 4269 damnoesse‚qnod
1362 4203 1493 4269 nelaserat.

440 4274 512 4324 Polit.
522 4284 547 4324 ct
558 4275 691 4341 Hamburg.
702 4285 727 4324 et
737 4275 839 4324 Putean.
852 4276 941 4323 ἀσκοί·
990 4274 1103 4324 Harum.

441 4356 506 4396 tare:
528 4363 559 4396 nu
578 4364 621 4414 pro
638 4349 783 4411 depretiare?
803 4363 851 4412 quo
868 4347 941 4395 verbo
1024 4349 1080 4397 350.
1098 4348 1225 4413 strinxerit
1233 4367 1307 4399 mcum
1319 4349 1421 4413 nemea]
1440 4349 1492 4398 Ln-

442 4418 532 4468 Paulus
546 4432 612 4478 usas,
629 4420 672 4469 lib.
689 4420 747 4470 xxii.
766 4420 799 4468 D.
814 4419 845 4468 nd
861 4417 941 4484 legem
990 4420 1047 4470 serit
1057 4436 1135 4469 meam
1145 4423 1242 4472 famam.

441 4491 573 4556 Aquiliam.
598 4495 690 4544 Glossre
702 4492 940 4556 meditabamu-
1023 4495 1080 4544 ³56.
1098 4494 1249 4559 compositore
1257 4496 1320 4560 tna]
1341 4493 1493 4551 Reontio,

441 4566 463 4612 ti
479 4565 665 4627 ibmrndlvrnc.
702 4569 751 4619 Sed
771 4567 850 4618 neseio
868 4582 900 4617 an
914 4567 940 4617 id
990 4566 1212 4635 qnietcomposui.
