3609 5967
410 781 481 847 Ex
504 780 666 847 ΡΟΝΤΟ
692 778 784 845 LIB.
811 778 875 845 IV.
900 780 1048 847 EPIST.
1073 780 1185 846 XIII.
1257 782 1322 848 521
1426 806 1430 811 ’

272 952 374 1054 Ipse,
393 978 537 1055 precor,
558 978 719 1052 quaerarr,
735 976 813 1050 qua
826 952 897 1026 sim
916 954 985 1027 tibi
1001 964 1108 1053 parte
1121 956 1324 1052 iurandm,

324 1069 486 1170 Quoque
502 1070 601 1145 viam
617 1069 733 1145 lacius
751 1068 800 1143 ad
818 1092 905 1145 mea
921 1081 1008 1145 vota
1023 1070 1131 1145 vado.
1278 1077 1327 1145 50

552 1554 904 1629 nrrsronn
940 1526 1057 1628 xrir.

718 1738 883 1804 CARIO.

277 1894 312 1967 O
333 1918 434 1965 rurrrr
455 1918 530 1966 non
548 1891 685 1967 dubios
703 1892 800 1964 inter
818 1892 1062 1965 memorande
1081 1893 1243 1979 sodaleS,

327 2007 493 2106 Quique,
510 2006 613 2106 quod
631 2030 673 2080 es
691 2028 790 2093 vere,
811 2006 924 2091 Care,
943 2008 1101 2095 vocaris,
1121 2032 1202 2083 ave.

278 2124 391 2199 Unde
410 2120 596 2209 s'aluteris,
616 2122 718 2195 color
736 2120 797 2195 hic
817 2121 885 2196 tibi
904 2122 1076 2219 protinus
1093 2124 1222 2211 index,

327 2238 379 2313 Et
396 2249 585 2312 structura
601 2236 676 2310 mei
693 2236 870 2309 carminis
888 2260 975 2309 esse
993 2249 1141 2334 potest3
1264 2272 1271 2287 ¹
1305 2247 1328 2314 4

278 2354 472 2452 Nonquia
489 2352 646 2429 mirifica
660 2362 732 2438 est,
745 2352 812 2425 sed
831 2351 935 2449 quod
951 2375 1020 2426 nec
1037 2354 1190 2451 publica
1202 2369 1326 2445 certe;

329 2470 461 2557 Qualis
480 2470 581 2543 enim
598 2491 750 2565 cunque
768 2477 839 2555 est,
859 2491 935 2541 non
952 2469 1047 2543 latet
1060 2494 1145 2545 esse
1163 2496 1299 2546 meam.

278 2586 368 2685 Ipse
386 2610 542 2685 quoque
560 2596 603 2659 ut
619 2585 760 2658 chartae'
778 2584 931 2658 titulum
949 2585 998 2659 de
1016 2585 1140 2662 fronte
1159 2589 1329 2675 revellas,

328 2701 440 2786 Quod
458 2702 507 2775 sit
524 2726 633 2801 opuS,
652 2700 782 2775 videor
800 2701 927 2777 dicere
944 2727 1070 2801 posse,
1090 2715 1211 2777 tuum.

278 2818 500 2905 Quamlibet
518 2818 556 2890 in
575 2817 704 2891 multis
724 2818 871 2915 positus
888 2843 1044 2893 noscere
1064 2820 1214 2906 libellis,

329 2935 482 3034 Perque
501 2935 719 3008 observatus
738 2935 928 3010 inveniere
946 2926 1069 3009 notas'.
1288 2942 1333 3009 10

281 3052 664 3126 Produnteuctorem
681 3051 791 3140 vireS,
811 3077 907 3149 quas
928 3051 1094 3127 Hercule
1111 3050 1248 3147 dignas
1302 3051 1305 3057 ’

331 3166 526 3255 Novimus,
546 3176 662 3263 utque
680 3166 746 3255 illi,
766 3190 879 3264 quem
900 3168 1018 3254 canis,
1035 3191 1120 3242 esse
1138 3190 1261 3265 pares.

315 3384 348 3433 Ut
358 3400 407 3446 sper
416 3386 484 3433 nullu
495 3387 585 3447 reliqua
595 3388 620 3433 in
635 3394 657 3432 tr
667 3394 719 3433 mot
731 3387 781 3443 tibi,
865 3388 889 3434 5.
908 3385 1027 3447 Nonquia
1036 3381 1195 3447 mirificum]
1212 3382 1269 3431 Non
1277 3382 1336 3447 quin
1360 3380 1366 3388 ’

343 3460 413 3507 timul
423 3460 543 3508 consilinm
554 3474 606 3506 cum
617 3474 642 3506 rr
652 3460 755 3506 amisisti.
833 3457 884 3507 bec
901 3464 1021 3506 structura
1036 3464 1074 3505 est
1090 3455 1219 3504 laudabilis
1233 3464 1258 3505 et
1268 3456 1335 3505 mim.

279 3530 488 3596 Et'iraaliiraepe.
521 3531 604 3580 Simile
616 3530 684 3589 illud,
833 3533 999 3596 Sedqucrlnec
1007 3534 1178 3593 publicam.
1211 3530 1259 3579 Sed
1270 3531 1334 3596 quod

311 3602 415 3663 Obrocb'
422 3604 488 3669 ἀνὴρ
497 3606 598 3670 ἄριστος
604 3603 673 3663 ὅστις
683 3604 796 3655 ἔλπίσινι
833 3615 897 3654 certe
912 3620 961 3653 non
975 3612 1012 3653 est
1028 3602 1085 3652 talis
1101 3612 1128 3651 ut
1145 3601 1241 3667 dignum
1254 3604 1337 3652 existi-

305 3678 436 3729 ’Πέποιθεν
443 3678 499 3735 alti,
508 3676 563 3728 τὸδ’
569 3676 684 3745 ἀπορεῖν,
691 3677 784 3743 ἀνδρὸς
833 3694 904 3735 mem,
912 3693 966 3743 qum
974 3676 999 3725 in
1007 3675 1131 3743 publicum
1138 3676 1231 3741 prodire
1242 3675 1337 3728 debeat.

346 3754 431 3803 namt.
470 3810 474 3817 1
833 3754 906 3801 Mun.
931 3752 1065 3815 Nugatoria
1075 3750 1252 3815 interpretatio:
1270 3750 1335 3799 idem

280 3828 364 3895 Enrip.
376 3828 434 3877 Her.
445 3827 490 3877 sur.
833 3826 897 3874 enim
919 3834 994 3881 notat,
1016 3842 1057 3873 nne
1078 3824 1180 3887 publicu,
1200 3824 1263 3888 qnod
1288 3840 1336 3873 nun

833 3899 933 3965 plebeia
949 3907 974 3947 et
988 3898 1120 3948 eommunis
1134 3913 1211 3954 vene,
1221 3906 1246 3946 et
1260 3908 1321 3947 notre
1329 3917 1337 3961 3

206 4002 215 4013 ·
313 3974 336 4022 ³.
357 3974 566 4038 Undrrnluttrir]
585 3973 783 4039 Aquomlnsud
834 3982 861 4022 ut
874 3973 971 4021 Petron.
983 3988 1005 4020 c.
1016 3971 1051 4019 iii.
1061 3988 1192 4019 sermonem
1200 3972 1289 4033 publici
1299 3988 1336 4021 rn-

280 4056 303 4097 te
321 4048 430 4111 mittitur,
448 4048 479 4099 de
498 4064 562 4099 mure
580 4047 743 4106 scribentium,
758 4048 783 4097 in
832 4050 909 4111 purim
926 4053 951 4094 et
962 4045 1019 4095 Juv.
1030 4044 1081 4093 viii.
1092 4046 1193 4094 rent&

280 4121 396 4187 principio
413 4122 484 4189 hujus
504 4122 617 4188 epistole.
653 4122 720 4170 Color
738 4123 783 4171 lic.
867 4121 994 4170 Sedunum
1004 4121 1336 4185 egregiumeuinorrritpub

163 4241 178 4251 ,
281 4195 352 4245 Color
376 4195 465 4245 charte
486 4196 582 4253 attrito,
601 4205 626 4246 et
651 4196 784 4261 squalentis
899 4197 945 4244 lica
956 4210 1021 4243 vena.

224 4310 229 4317 .
281 4270 458 4319 attrectantium
479 4270 598 4329 manibus,
615 4278 640 4319 et
658 4268 783 4321 serentium
866 4265 1154 4330 erumpnarum]
1171 4263 1338 4330 Videorposse

281 4344 344 4393 hanc
364 4343 441 4410 ipsum
464 4344 590 4410 epistolam
612 4360 627 4394 e
649 4344 784 4409 longinquis
834 4340 1031 4407 intelligerefqni
1041 4340 1130 4405 stylum
1140 4348 1207 4387 tuum
1218 4348 1243 4387 et
1252 4339 1338 4387 carmi·

280 4418 425 4484 regionibus.
438 4418 534 4469 Mrcrrn.
543 4419 784 4484 Mellemintelligere
835 4416 872 4465 nir
882 4424 1024 4465 structurum
1034 4428 1159 4478 cognosco.

281 4494 384 4543 colorem
394 4493 521 4557 carminis;
532 4494 574 4560 qui
584 4508 668 4543 remur
678 4493 785 4565 firmatur
870 4492 908 4539 ll.
927 4490 1034 4538 Produnt
1050 4498 1165 4537 marturan
1179 4487 1259 4551 vim]
1278 4488 1338 4537 Car·

281 4570 460 4627 versui-'imru
474 4568 666 4631 llum..proprio
677 4569 785 4630 deprensa
836 4563 907 4613 minis
917 4562 952 4611 tui
967 4561 1102 4613 sublimiter
1116 4560 1252 4611 manifestat
1266 4561 1338 4613 facile
1422 4560 1427 4566 '

282 4644 363 4692 colore.
836 4646 904 4687 tuum
915 4636 1033 4686 rcribenrli
1043 4651 1125 4702 genus.
1160 4636 1223 4691 Qum
1236 4636 1339 4686 Hercula
