3609 5967
517 771 583 835 436
812 769 851 833 Ρ.
877 768 1038 838 OVIDII
1064 769 1278 837 NASONIS

519 943 574 1019 Te
591 946 702 1031 duce,
722 943 942 1040 magnificas
961 943 1062 1017 nsiae
1079 945 1345 1042 perspeximus
1364 946 1500 1035 urbes;
1525 950 1572 1017 21

567 1060 755 1135 Trinacris
773 1070 833 1135 est
850 1060 969 1133 oculis
988 1071 1026 1134 te
1044 1060 1142 1134 duce
1161 1072 1252 1136 nota
1268 1062 1375 1136 meis.

517 1177 691 1251 Vidimus
708 1176 855 1251 AEtnaee
872 1179 1009 1251 coelum
1029 1176 1295 1275 splendescere
1312 1178 1478 1262 flamme,

569 1293 796 1391 Subpositus
815 1295 934 1367 monti
953 1316 1069 1392 quam
1088 1294 1287 1368 numitore
1305 1294 1436 1390 giges3

517 1410 787 1508 Hennaeosque
805 1412 924 1497 lacus,
943 1422 982 1485 et
999 1411 1141 1486 olentia
1158 1420 1295 1507 stagna
1305 1408 1448 1497 Palici,
1520 1413 1571 1481 25

568 1526 730 1625 Quaque
748 1529 827 1601 suis
847 1528 1007 1626 Cyanen
1025 1528 1162 1603 miscet
1178 1527 1337 1624 Anapus
1356 1526 1479 1622 equis.

518 1642 554 1715 N
558 1667 601 1717 ec
620 1643 752 1741 procul
769 1642 858 1717 hinc
878 1641 1098 1741 Nymphen‚
1111 1667 1209 1741 ques,
1224 1642 1316 1715 dum
1334 1640 1432 1737 fugit
1448 1639 1570 1713 Elidis

666 1782 829 1847 amnem,
1078 1771 1084 1777 '

567 1874 687 1948 Tecta
704 1876 775 1949 sub
792 1898 969 1971 aequorea
986 1900 1086 1949 nunc
1105 1899 1259 1973 quoque
1276 1873 1393 1947 currit
1411 1896 1521 1971 aqua.

516 1987 591 2062 Hic
610 1989 701 2062 mihi
720 1990 883 2064 labentis
902 2014 989 2090 pars
1008 1991 1097 2065 anni
1115 2014 1255 2088 magna
1272 2000 1427 2089 peracta
1444 2002 1514 2063 est.

567 2102 688 2197 Eheu,
709 2130 823 2202 quam
841 2106 970 2206 dispar
987 2118 1048 2182 est
1065 2108 1171 2181 locus
1190 2107 1252 2181 ille
1271 2106 1401 2181 Getis!
1517 2110 1568 2179 30

517 2217 567 2293 Et
578 2230 695 2317 quota
705 2244 793 2319 pars
809 2221 890 2295 lraec
906 2234 995 2295 sunt
1008 2246 1145 2311 rerum,
1158 2246 1254 2319 ques
1263 2222 1426 2296 vidimus
1441 2223 1564 2306 ambo

565 2334 621 2411 Te
639 2336 730 2410 mihi
744 2338 933 2434 jucundas
952 2340 1137 2415 efficiente
1155 2339 1254 2413 vias!

514 2606 1014 2679 videratOvidiipnemata‚etillurnejue·
1042 2614 1205 2680 positionem
1231 2612 1292 2663 sumi
1317 2620 1403 2679 potest.
1435 2614 1517 2662 Pouet
1541 2624 1565 2662 et

513 2681 650 2731 demntudii
659 2695 684 2733 et
693 2700 812 2735 sacrorum
824 2688 940 2736 cultorem
949 2704 1014 2737 ama·
1065 2687 1122 2753 legi‚
1133 2691 1218 2737 olentia
1232 2698 1315 2753 stagna
1328 2688 1432 2743 Parma,
1442 2697 1469 2736 ut
1482 2686 1512 2735 td
1522 2702 1565 2753 op·

513 2758 563 2813 bet,
585 2767 713 2823 antequam
731 2760 756 2807 in
780 2761 889 2809 exsilium
911 2762 1015 2827 prolicia·
1065 2762 1148 2829 pidrrm
1167 2761 1292 2822 Παλίκην,
1307 2770 1393 2824 stagno
1403 2760 1514 2818 vicinum,
1529 2761 1565 2809 in·

513 2840 613 2880 ceretur.
630 2833 702 2882 Man.
735 2834 839 2888 Quorum
855 2846 1015 2885 rememorent.
1066 2844 1132 2886 nunt.
1150 2835 1199 2884 Adi
1209 2834 1317 2884 Siciliam
1328 2834 1565 2883 eocumnsrirniClu-

512 2904 568 2955 Sivc
587 2921 687 2970 quarum
706 2923 793 2965 rerum,
812 2908 933 2968 videlicet,
951 2909 1015 2976 quod
1068 2910 1132 2959 serii.
1159 2910 1250 2958 Herus.

513 2994 580 3028 secra
594 2979 671 3045 poetic
683 2980 746 3029 inter
760 2998 786 3031 se
801 2984 936 3033 communie
951 2993 1015 3041 sunt,
1098 2984 1139 3033 26.
1155 2978 1249 3047 Quaque
1265 2984 1312 3030 sula
1328 2980 1431 3045 Cyanen,
1442 2980 1499 3044 δια]
1519 2980 1565 3030 Per

513 3052 586 3102 etiem
597 3052 672 3119 clipei
682 3053 745 3105 inter
754 3072 781 3105 oe
791 3056 885 3107 diverse
895 3058 1014 3109 scribendi
1065 3057 1145 3107 omnia
1165 3056 1314 3112 subauditur,
1337 3054 1449 3104 Vidimus.
1482 3056 1565 3120 Cyane

427 3149 434 3173 ι
513 3142 600 3191 genem
620 3139 759 3195 sequuntur,
778 3140 802 3180 te
819 3147 948 3182 mononem
963 3150 1014 3182 esse
1065 3128 1418 3197 automuymphafuitSicula,
1429 3128 1564 3179 sociaPro·

513 3209 665 3267 putumque
676 3204 738 3253 velle
756 3219 826 3255 casua
843 3221 909 3255 meos
926 3207 1015 3257 levare.
1064 3205 1174 3271 serpina,
1192 3220 1246 3269 qua
1266 3204 1297 3253 ob
1316 3210 1408 3268 raptem
1428 3218 1443 3251 a
1464 3202 1564 3253 Plutone

513 3276 609 3325 Mrcrn.
1064 3277 1229 3345 Proserpinam
1244 3276 1305 3327 adeo
1315 3276 1390 3333 flevit,
1402 3284 1429 3325 ut
1439 3275 1464 3324 in
1475 3276 1562 3326 iontem

546 3350 588 3398 21.
602 3350 721 3417 Tarne]
740 3354 803 3403 Cum
815 3354 899 3403 Macro
913 3354 1014 3404 enimin
1063 3353 1100 3403 sui
1116 3352 1216 3405 nominis
1237 3360 1331 3401 mutata
1350 3350 1436 3400 luerit:
1457 3350 1562 3401 tabulam

514 3422 597 3472 Asiam
608 3424 822 3494 navigavimus,
834 3430 890 3478 etin
899 3430 1015 3479 Siciliam.
1063 3427 1158 3493 plenius
1167 3427 1237 3477 relect
1245 3424 1318 3476 Ouid.
1324 3424 1426 3474 Metam.
1433 3425 1476 3475 lib.
1484 3442 1507 3473 v.

545 3499 587 3547 2⁴.
596 3498 728 3561 summitur
737 3503 831 3567 monti]
846 3502 1014 3570 linguntpoe-
1097 3503 1137 3550 27.
1152 3501 1200 3550 ll'ec
1212 3501 1294 3564 procul
1304 3501 1358 3547 hinc
1368 3498 1491 3563 Nympha]
1502 3500 1562 3549 Are·

514 3579 544 3619 tre
556 3586 571 3619 a
581 3572 641 3621 Jove
651 3572 803 3623 fulminatum
812 3576 958 3641 Typhoeum.
1064 3574 1159 3625 thusam
1172 3574 1239 3623 dicit.
1271 3572 1392 3622 Arethusa
1408 3580 1487 3623 autem
1498 3575 1563 3640 virgo

545 3645 587 3695 25.
606 3645 754 3711 Heriumque
781 3649 853 3706 lacos,
880 3660 902 3697 et
930 3652 1014 3699 olentia
1064 3649 1109 3697 luit
1130 3648 1246 3723 venatrix,
1270 3662 1350 3697 oomee
1378 3646 1474 3703 Dim,
1497 3664 1561 3713 qun,

511 3728 595 3783 ttngno
615 3720 712 3785 Pallet]
748 3722 901 3787 Hennaeoopus
921 3724 1014 3773 Samo.
1065 3738 1138 3788 qunrn
1153 3731 1212 3771 aestu
1225 3719 1562 3786 fatigata,aeindlpheoflu·

513 3792 613 3855 Argent.
628 3803 653 3842 et
671 3810 732 3844 nnus
743 3796 822 3845 Vatic.
839 3796 887 3845 dno
904 3796 946 3846 alii
965 3798 1013 3846 En·
1065 3797 1129 3847 mine
1147 3796 1246 3853 lavaret,
1265 3795 1322 3844 dum
1340 3795 1409 3843 Deus
1425 3794 1467 3843 illa
1485 3806 1563 3847 amata

514 3882 623 3928 nanque.
649 3868 749 3916 Dictum
762 3867 793 3917 de
811 3870 924 3919 hacvoce
935 3871 1015 3921 multia
1064 3870 1134 3935 potiri
1153 3870 1229 3935 cupit,
1245 3868 1345 3934 aufugit.
1379 3868 1490 3918 lllevem
1504 3871 1561 3920 dnm

513 3937 544 3986 nd
571 3939 678 4005 Raptum
704 3942 851 4008 Pmserpinn
876 3943 1014 3993 Claudiani.
1065 3944 1209 4010 pertinacius
1223 3944 1364 4008 insequitur,
1376 3943 1503 4003 Arethusa,
1518 3944 1560 3993 irn-

513 4012 632 4062 Praterea
649 4013 802 4063 scribendum
824 4016 922 4072 Pallene,
939 4025 966 4065 ut
984 4016 1015 4064 eit
1065 4019 1156 4083 plorato
1167 4017 1252 4066 Diana
1263 4015 1378 4073 subsidio,
1389 4016 1414 4064 in
1429 4018 1515 4066 fontem
1525 4020 1561 4068 nui

513 4085 648 4151 adpositio:
676 4086 780 4137 vidimus
805 4087 902 4137 Palicoo
929 4096 1014 4153 stagno
1065 4091 1166 4141 nominis
1185 4106 1299 4141 conversa
1319 4099 1363 4141 ont.
1396 4091 1471 4156 cnjus
1492 4092 1561 4141 undis

512 4161 609 4209 olentia.
642 4162 731 4227 Stagna
743 4163 876 4212 Palicorum
885 4162 948 4210 dixit
959 4163 1013 4211 Me·
1063 4180 1137 4229 quum
1152 4164 1260 4232 Alpheus
1276 4162 1429 4213 commiscere
1445 4180 1470 4215 se
1481 4165 1560 4223 vellet,

513 4244 605 4284 tarne.
631 4234 672 4285 Sic
681 4234 746 4301 apud
759 4236 857 4287 Grecos
866 4251 960 4301 semper
972 4236 1013 4285 Δι’-
1061 4238 1170 4288 illarem
1182 4240 1399 4305 persubtermneoe
1413 4240 1560 4289 meatusdil·

512 4328 563 4374 μνη
576 4308 705 4366 nullm,
716 4314 867 4376 οῑῳατῆρες
878 4310 1015 4370 uallem
1063 4310 1163 4376 fugeret,
1173 4328 1250 4379 unque
1266 4312 1290 4361 in
1303 4311 1409 4361 Siciliam
1424 4324 1560 4378 prosecutus

513 4385 587 4433 etiarn
598 4384 722 4445 Παλιιίνη
733 4385 821 4451 πρηνῆ·
832 4401 886 4435 nam
896 4383 1013 4434 duonlra-
1062 4392 1107 4434 eet.
1133 4386 1205 4436 Man.

513 4466 562 4507 tres
572 4460 740 4510 DcooPalioos
750 4459 822 4508 luisse
832 4466 934 4508 comt.
957 4458 1013 4508 vn·
1097 4459 1559 4526 ³2Temilijocondmeffieloatenimll

513 4531 573 4597 gilio
587 4540 675 4589 tamen,
687 4533 785 4583 AEneid.
797 4550 820 4582 x.
834 4534 954 4597 plmabllr'r
970 4551 1012 4583 ura
1063 4533 1193 4585 Dictnmne
1207 4546 1245 4586 ert
1259 4536 1304 4583 hoe
1316 4536 1386 4601 juxta
1399 4535 1460 4585 illud
1471 4538 1559 4594 Publii,

515 4605 601 4657 Palici.
634 4605 681 4656 Sed
697 4616 722 4656 et
737 4606 787 4657 illic
803 4623 899 4673 queque
915 4624 958 4673 per
970 4608 1012 4659 ad·
1064 4609 1269 4661 facundorum
1279 4613 1304 4658 in
1315 4614 1401 4672 vlnpm
1408 4612 1559 4661 utimum.
