3609 5967
491 744 556 810 434
785 745 824 809 Ρ.
848 743 1011 812 OVIDII
1036 742 1250 809 NASONIS

494 917 823 1017 Haeoquoqueres
834 919 978 1017 aliquid
992 929 1120 992 tocum
1129 916 1222 990 mihi
1236 916 1388 993 foederis
1401 919 1546 995 adfert:

546 1032 727 1132 Ejusdem
746 1034 842 1109 sacri
860 1035 982 1110 cultor
998 1045 1160 1132 uterque
1178 1057 1323 1109 sumus.

494 1149 555 1223 Ad
573 1163 697 1225 vatem
714 1162 819 1225 vates
838 1150 983 1225 orantia
1001 1149 1156 1224 brachia
1172 1151 1300 1238 tendo,
1497 1155 1547 1225 65

544 1265 662 1341 Terra
678 1268 728 1341 sit
746 1267 892 1341 exsiliis
908 1277 950 1340 ut
968 1276 1034 1341 tua
1050 1266 1127 1352 fida
1144 1265 1252 1342 meis.

497 1380 585 1457 Non'
602 1407 674 1481 ego
691 1384 797 1458 caede
814 1406 957 1458 nocens
973 1382 1011 1455 in
1026 1379 1188 1456 Pontica
1205 1382 1316 1456 litora
1331 1384 1439 1470 veni3

547 1497 710 1574 Mistsve
723 1511 812 1574 sunt
825 1510 952 1574 nostra
968 1500 1050 1574 dira
1067 1522 1213 1581 venena
1229 1522 1365 1575 manu:

498 1615 581 1692 Nec
598 1640 685 1691 mes
701 1618 875 1716 subjecta
890 1617 1134 1691 convictaest
1151 1640 1302 1714 gemma
1318 1616 1461 1691 tabella

546 1731 777 1808 Mendaeum
794 1733 880 1807 linis
898 1732 1125 1832 imposuisse
1143 1743 1285 1807 notam.
1499 1738 1548 1805 70

498 1847 534 1921 N
536 1871 581 1922 oo
593 1848 821 1947 quidquam,
840 1849 945 1947 quod
962 1849 1047 1945 loge
1059 1855 1165 1922 veter
1182 1847 1430 1935 committere,
1450 1848 1544 1922 feci:

548 1962 599 2038 Et
615 1974 742 2039 tamen
759 1965 819 2039 his
837 1965 984 2062 gravior
1001 1989 1102 2039 noxa
1118 1964 1274 2040 fatenda
1291 1953 1383 2038 mihi
1401 1976 1474 2039 est.
1550 1963 1553 1968 ’

498 2079 534 2151 N
538 2104 606 2155 eve
616 2104 725 2176 roges
736 2080 828 2177 quid
840 2081 908 2170 sit;
922 2081 1078 2155 stultam
1089 2080 1384 2179 conscripsimus
1396 2079 1546 2155 Artem:

548 2195 737 2271 Innocuos
754 2198 864 2271 nobis
882 2198 964 2282 haec
982 2207 1085 2292 uetat
1102 2221 1187 2272 esse
1206 2221 1352 2271 manus.

481 2309 648 2409 ‘Ecquid
663 2324 847 2411 praeterea
863 2315 1065 2413 peccarim,
1083 2337 1252 2412 quaerere
1270 2313 1369 2399 noli3
1499 2316 1547 2385 75

550 2427 605 2501 Ut
622 2439 753 2527 pateat
770 2432 852 2506 sola
867 2433 982 2530 culpa
998 2433 1069 2506 sub
1088 2430 1182 2506 Arte
1200 2455 1298 2506 mea.

499 2542 753 2643 Quidquid-id
771 2557 843 2634 est,
862 2548 978 2622 habui
1002 2549 1235 2624 moderatam
1253 2547 1411 2622 vindicis
1429 2547 1544 2620 iram:

549 2657 637 2747 Qui,
658 2660 729 2734 nisi
747 2662 924 2750 natalem,
945 2664 997 2737 nil
1017 2662 1108 2737 mihi
1122 2663 1274 2750 demsit,
1294 2664 1462 2737 humum.

499 2773 584 2849 Hac
603 2777 782 2873 quoniam
800 2801 924 2866 caron,
943 2791 1010 2853 tua
1027 2803 1128 2853 nunc
1146 2779 1284 2853 vicinia
1300 2790 1468 2877 praestet,

549 2891 676 2966 Inviso
695 2893 837 2991 possim
855 2904 962 2969 tutus
980 2907 1023 2970 ut
1039 2919 1124 2971 esse
1141 2896 1238 2969 loco.
1502 2899 1551 2968 80

531 3109 571 3157 66.
592 3108 625 3157 Ut
644 3119 686 3158 tuo
705 3110 788 3173 rma]
817 3112 851 3160 Ut
874 3110 1000 3162 Tomitana
1050 3113 1172 3162 Putosuso
1189 3119 1214 3159 et
1231 3109 1343 3159 undecim
1361 3108 1426 3158 sliisz
1447 3108 1551 3159 studiose

498 3184 563 3240 urbs,
574 3183 726 3248 relegationis
737 3199 796 3233 mec
807 3183 885 3233 sudes.
1051 3187 1114 3237 enim
1124 3202 1218 3251 semper
1228 3201 1310 3235 verum
1321 3184 1411 3233 crimen
1422 3184 1496 3233 celat.

531 3259 572 3307 69.
585 3258 651 3307 Lints
660 3259 808 3323 impositos]
821 3257 927 3308 Vincula
936 3258 1001 3310 lines
1084 3262 1124 3310 77.
1136 3260 1254 3324 Quidquid
1265 3262 1290 3307 s'd
1300 3259 1354 3321 ost]
1370 3258 1551 3324 Qnulecuroque

500 3331 610 3397 intelligit
622 3349 676 3398 qun
687 3333 783 3383 tabellis
794 3333 948 3398 obsignandis
958 3334 1001 3383 sd·
1051 3333 1132 3392 estid,
1143 3335 1212 3400 cnjus
1221 3350 1295 3383 causa
1302 3333 1421 3397 relegatus
1430 3349 1492 3385 sum.

498 3404 823 3456 tiberisslios211siesim
842 3423 900 3458 usus
918 3407 943 3457 iu
957 3409 1000 3458 ob·
1085 3408 1125 3458 70.
1145 3408 1210 3472 Nit]
1240 3407 1308 3457 Nihil
1329 3406 1404 3457 diuo.
1436 3408 1553 3473 Intelligit

498 3477 622 3543 signandis
632 3479 728 3529 tabellis
735 3489 812 3531 notus.
824 3481 914 3532 Huius.
932 3482 1001 3532 Gem—
1052 3491 1132 3532 autem
1153 3483 1267 3540 fortunas,
1284 3498 1339 3548 quos
1360 3482 1481 3532 exsulibus
1499 3481 1551 3531 sdi-

499 3571 537 3601 πω
553 3570 610 3602 orso.
636 3547 709 3603 M'eus
725 3556 828 3604 annulus
844 3565 869 3605 et
887 3555 1001 3622 sigillum,
1050 3556 1358 3613 msbmtur,sibirsliotss.
1386 3556 1438 3604 Nr'sr'
1452 3557 1553 3604 notab-

500 3636 615 3693 tauquam
625 3627 685 3678 tslso
695 3627 839 3693 signaverim
850 3638 1002 3681 tsstnmsnts.
1052 3632 1154 3680 mmm.
1181 3631 1234 3681 Nisi
1252 3632 1329 3680 solum
1346 3632 1492 3687 Romsnm,
1510 3631 1553 3679 ubi

500 3702 607 3766 Suffectus
622 3705 714 3751 totstto.
731 3703 861 3769 Subposita
871 3712 1000 3755 tostumen-
1051 3705 1168 3755 educatus
1183 3722 1244 3764 snm,
1262 3705 1379 3756 mittsudo
1396 3721 1434 3754 me
1449 3705 1475 3753 in
1491 3707 1554 3754 susi·

499 3774 667 3826 tsriatsbello.
1052 3779 1119 3828 unm.
1345 3799 1349 3820 ι

533 3851 573 3898 70.
590 3850 722 3900 Mendnoon
738 3852 836 3913 norom]
856 3851 952 3901 Falsum
970 3853 1002 3901 si-
1084 3855 1125 3903 79.
1136 3852 1306 3916 nio-otonis]
1325 3853 1371 3904 Tui
1385 3852 1468 3918 populi
1479 3852 1552 3902 ricini

499 3922 592 3988 gilium.
625 3922 658 3969 Hi
673 3923 1002 3991 sutsmoRomonisdspre-
1051 3927 1182 3976 Tomitana
1193 3926 1255 3975 urbi.
1272 3927 1345 3975 Mus.
1378 3926 1503 3975 Tuom
1518 3929 1552 3975 si·

500 3995 567 4044 housi
578 4004 604 4045 ot
613 3993 725 4050 convicti,
737 3995 892 4044 mittebantur
902 3997 927 4045 in
937 3999 1001 4048 orsi·
1051 4003 1123 4050 οἰκία.
1148 4002 1248 4066 Propter
1263 4000 1410 4050 vicinitatem
1431 4000 1475 4048 hoc
1494 3999 1554 4048 ruini

501 4072 568 4120 tium.
1053 4082 1139 4140 presta
1149 4073 1299 4124 beneficium.
1321 4075 1398 4123 Porro.

534 4141 574 4195 76.
588 4145 620 4194 Ut
632 4144 732 4208 potent]
752 4143 838 4193 Malim
855 4147 935 4201 tutent,
947 4161 1002 4195 cum
