3609 5967
450 768 494 833 80
736 768 774 831 Ρ.
799 765 960 832 0V1Dll
984 766 1196 833 NASONlS
1282 778 1286 788 ’

451 942 611 1039 Quoque
628 964 732 1013 meos
750 940 892 1014 releves
909 950 1036 1027 oestus,
1054 950 1206 1017 eantare
1223 942 1381 1029 solebat,

501 1057 733 1156 Accipienda
750 1057 844 1139 sinu,
864 1058 1012 1130 mobilis
1029 1055 1143 1141 Aura,
1161 1058 1258 1130 veni.

452 1172 634 1270 Oonjugis
652 1174 698 1247 ad
717 1174 865 1247 timidas
884 1174 1019 1271 aliquis
1037 1174 1134 1248 male
1151 1174 1305 1248 sedulus
1322 1199 1431 1250 aures

500 1286 659 1362 Auditos
677 1289 831 1363 memori
847 1290 984 1363 detulit
1000 1313 1063 1363 ore
1081 1313 1205 1363 sonos.
1414 1296 1487 1363 700
1511 1351 1514 1359 .

452 1402 597 1477 Procris
615 1413 657 1477 ut
674 1404 820 1502 accepit
837 1427 986 1489 nomen,
1006 1405 1114 1502 qnasi
1131 1404 1290 1502 pellicis,
1310 1404 1436 1491 Aurae,

501 1518 674 1594 Excidit:
703 1532 741 1593 et
758 1521 883 1595 subito
901 1532 1006 1595 muta
1022 1522 1150 1596 dolore
1166 1522 1249 1596 suit.

450 1633 601 1720 Palluit,
621 1645 663 1708 ut
679 1659 784 1721 seroe,
804 1635 912 1709 lectis
929 1637 1070 1711 devite
1088 1638 1258 1723 racemis,

500 1749 717 1825 Pallescunt
733 1751 895 1839 frondes,
915 1778 1010 1850 quas
1028 1778 1122 1827 nova
1139 1754 1237 1827 laesit
1253 1753 1385 1827 hiems.

451 1866 622 1963 Quaeque
636 1890 723 1940 snos
741 1881 896 1941 curvant
910 1879 1056 1943 matura
1068 1870 1230 1966 cydonia
1241 1893 1385 1957 ramos;
1414 1872 1486 1941 705

500 1980 701 2080 Cornaque
719 1982 840 2056 adbuc
858 1984 995 2057 nostris
1012 2009 1087 2059 non
1105 1985 1196 2059 satis
1214 1995 1303 2084 apta
1318 1985 1426 2058 cibis

451 2096 506 2171 Ut
521 2099 631 2172 rediit
648 2098 805 2185 animus,
824 2112 958 2174 tenues
976 2123 998 2173 a
1015 2111 1166 2198 pectore
1182 2112 1305 2175 vestes

500 2212 670 2312 Rumpit,
689 2227 729 2288 et
745 2215 917 2311 indignas
934 2216 1080 2290 sauciat
1095 2240 1219 2312 ungue
1237 2240 1366 2312 genas.

451 2327 533 2403 Nec
551 2354 674 2418 mora;
703 2355 770 2428 per
787 2333 929 2407 medias
946 2332 1086 2431 sparsis
1103 2330 1303 2405 furibunda
1318 2330 1464 2430 capillis

500 2444 644 2533 Evolat,
661 2459 706 2519 ut
719 2447 849 2545 thyrso
868 2450 1017 2523 concita
1035 2449 1199 2535 Baccha,
1218 2450 1309 2523 vias.
1411 2451 1486 2521 710

450 2559 504 2635 Ut
520 2584 636 2659 prope
652 2572 892 2659 perventum
922 2565 1078 2639 comites
1096 2565 1134 2637 in
1150 2565 1246 2639 valle
1263 2563 1451 2661 relinquit.

495 2675 587 2775 Ipsa
603 2701 734 2752 nemus
752 2680 866 2754 tacito
884 2681 982 2754 clam
1000 2681 1096 2780 pede
1113 2680 1218 2755 sortis
1236 2679 1316 2754 init.

447 2790 548 2877 Quid
565 2793 634 2865 tibi
651 2794 786 2868 mentis
804 2808 895 2883 erat,
914 2821 1003 2871 cum
1020 2798 1075 2871 sic
1092 2796 1190 2871 male
1207 2819 1300 2869 sana
1315 2795 1465 2881 lateres,

496 2906 651 2983 Procril
678 2911 763 3008 quis
781 2913 928 2987 attoniti
945 2914 1110 3011 pectoris
1128 2912 1236 2987 ardor
1253 2911 1357 2986 erat?

446 3020 533 3097 Jam
541 3024 621 3120 jam
629 3036 834 3115 venturam,
847 3053 1096 3127 quaecumque
1106 3038 1187 3102 erat
1198 3027 1312 3112 Aura,
1323 3026 1484 3124 putabas

498 3139 663 3226 Scilicet,
683 3151 797 3237 atque
814 3144 932 3216 oculis
949 3145 1086 3241 probra
1101 3143 1262 3218 videnda
1278 3142 1365 3215 tuis.
1410 3145 1482 3215 716

449 3259 560 3334 Nunc
594 3261 740 3335 venisse
774 3263 898 3361 piget;
945 3266 1087 3363 (neque
1120 3261 1220 3336 enirn
1253 3258 1485 3359 deprendere

595 3375 727 3469 velles)

499 3488 609 3563 Nunc
622 3491 740 3587 juvat.
761 3493 923 3569 incertus
942 3503 1095 3594 pectora
1111 3502 1234 3566 versat
1252 3515 1366 3565 amor.

479 3776 535 3824 70³.
553 3774 689 3833 Palluitot
703 3793 752 3825 reru
769 3780 839 3827 lectur
853 3780 881 3827 de
895 3782 940 3829 olto
990 3780 1180 3831 vindemialacta
1189 3788 1234 3828 est.
1267 3776 1485 3843 Etmaglspmprie

444 3848 569 3911 racemus]
589 3848 626 3898 Ita
634 3848 731 3914 quidem
739 3850 799 3915 legit
806 3851 941 3909 Merulam
989 3856 1020 3905 de
1036 3855 1098 3905 loliis
1113 3855 1188 3920 pallor
1203 3852 1351 3918 intelligitur,
1364 3868 1436 3919 qum
1454 3852 1484 3900 ‘l‘

445 3921 477 3971 de
486 3922 538 3972 nris
548 3924 712 3973 maturioribus
721 3924 841 3991 seriusque
855 3927 940 3976 collec·
989 3930 1095 3985 mamis,
1105 3927 1233 3994 prasertim
1243 3930 1339 3992 quando
1350 3942 1395 3975 non
1405 3941 1486 3975 omnes

446 3996 593 4063 tirexponit:
613 4007 639 4047 ut
649 4014 676 4047 er
689 4015 742 4064 qun
753 4000 860 4066 sequenti
871 4016 940 4050 verm
990 4002 1097 4067 ejusdem
1105 4001 1192 4051 coloris
1201 4009 1264 4050 runt.
1296 4002 1393 4050 Mrcrn.

446 4071 476 4121 de
491 4070 611 4121 frondibus
628 4082 766 4138 sequnntur,
781 4090 823 4140 per
838 4075 940 4141 ellipsin,
1022 4077 1078 4125 709.
1091 4074 1186 4138 Paua]
1204 4075 1292 4137 Spania
1301 4074 1416 4123 edilium
1423 4073 1485 4122 anti·

446 4145 490 4195 boc
506 4154 549 4202 ast,
564 4146 686 4197 intellecta
699 4148 870 4214 conjunctione,
885 4165 940 4199 curn
990 4149 1117 4213 quinimo,
1127 4148 1231 4214 Micylli,
1241 4147 1380 4197 manni
1395 4146 1484 4195 etalio

446 4218 748 4285 superioriburjungantnr.
780 4222 940 4273 Sedrnibive·
990 4221 1484 4287 etqnadngintaserercripti.etputorec-

446 4294 491 4343 rior
506 4293 578 4343 lectio
593 4293 682 4344 Aldina
698 4296 804 4345 videtur:
832 4313 885 4362 qum
906 4298 941 4347 ita
990 4294 1484 4359 tiusfurentibuupumsdaricrimr‚qnam

446 4367 531 4419 babet:
550 4368 834 4428 Praetereundum
849 4374 876 4420 de
895 4375 941 4421 otto
987 4371 1120 4436 mqui
1135 4380 1160 4419 et
1175 4370 1262 4436 quiem
1270 4368 1421 4418 conveniunt.
1432 4367 1483 4418 rid.

445 4444 547 4501 racemis,
559 4441 692 4493 Pallescunt
700 4445 808 4510 frondes,
817 4444 857 4507 ἀι.
875 4454 901 4495 ιιι
910 4446 942 4495 rit
991 4442 1041 4492 viii.
1052 4444 1112 4494 Met.
1124 4445 1178 4493 lor.
1188 4444 1278 4510 ubique
1294 4440 1404 4491 ferebar
1419 4441 1444 4491 in
1459 4458 1484 4491 rr

445 4526 541 4565 remum
558 4516 655 4575 Palluit,
666 4517 731 4568 velut
742 4516 835 4567 frondes
846 4517 942 4567 aetolia
991 4516 1039 4565 (luo
1048 4517 1101 4567 boo
1111 4519 1184 4567 verba
1193 4516 1367 4569 confunduntur
1376 4516 1401 4565 in
1412 4514 1484 4581 scrip-

446 4586 941 4655 palleremtrubaurumnumquandojam
991 4588 1029 4639 tir.
1061 4592 1148 4639 Bona.
