3609 5967
383 722 516 826 'nuc
745 758 785 823 P.
809 754 972 822 ov1n11
996 754 1211 822 Nasonis
1344 812 1349 823 .

342 994 346 999 -
452 936 606 1021 Quanta
622 944 744 1035 poteo,
764 932 892 1033 praebe
912 939 1050 1003 nostrae
1069 942 1261 1006 momenta
1278 932 1405 1019 saluti,

502 1051 597 1137 Quae
616 1052 687 1125 nisi
706 1058 852 1123 mutato
872 1044 1115 1121 nullasutura
1131 1047 1217 1121 loco
1229 1058 1301 1121 cst.
1455 1051 1507 1120 50

606 1550 613 1563 “
741 1536 1071 1611 EPISTOLA
1107 1537 1216 1610 XlV.

849 1721 1110 1787 TUTlCANO.

456 1868 556 1955 Hinc
588 1878 657 1952 tibi
688 1876 901 1961 mittuntur,
936 1898 1051 1973 quem
1083 1899 1167 1950 sum
1197 1875 1309 1948 modo
1340 1875 1507 1948 carmine

606 1996 766 2093 quastus

507 2112 594 2187 Non
612 2120 744 2209 aptum
763 2108 930 2183 numeris
949 2130 1086 2181 nomen
1103 2106 1245 2180 habere
1263 2107 1370 2180 meis.

457 2228 503 2301 ln
518 2228 669 2326 quibus,
685 2234 848 2324 excepto
859 2222 964 2323 quod
978 2223 1102 2297 adhuc
1116 2233 1312 2319 utcunque
1323 2223 1506 2307 valemus,

508 2342 586 2431 Nil,
606 2354 645 2418 te
662 2353 847 2440 praeterea
864 2340 968 2439 quod
983 2342 1103 2437 juvet,
1123 2338 1304 2413 invenies.

459 2459 551 2559 Ipsa
564 2482 718 2557 quoque
733 2468 793 2532 est
806 2456 927 2531 invisa
943 2456 1064 2545 salus3
1085 2465 1252 2552 suntque
1267 2454 1506 2540 ultimavota,

508 2574 689 2659 Quolibet
706 2598 755 2647 ex
774 2572 855 2646 istis
875 2574 1023 2647 scilicet
1040 2573 1093 2645 ire
1111 2572 1218 2644 locis.
1484 2576 1509 2643 6

460 2691 578 2766 Nulla
594 2690 686 2763 mihi
704 2714 796 2765 cura
813 2702 885 2777 est,
905 2701 1006 2766 terra
1022 2712 1138 2788 quam
1156 2698 1279 2761 muter
1296 2698 1340 2759 ut
1356 2687 1440 2774 ista,

507 2807 591 2883 Hac
610 2808 713 2905 quia,
733 2831 848 2905 quam
865 2806 988 2890 video,
1007 2806 1147 2902 gratior
1163 2803 1285 2878 omnis
1302 2802 1385 2878 erit.

460 2924 506 2999 ln
524 2922 668 2998 medias
688 2922 835 3021 SyrteS,
855 2922 1020 2997 mediam
1039 2944 1126 2993 mea
1141 2920 1226 2993 vela
1238 2917 1467 3016 Charybdin

511 3038 666 3127 Mittite,
686 3038 864 3139 praesenti
882 3038 975 3111 dum
989 3059 1185 3110 careamus
1202 3034 1330 3107 humo.
1466 3039 1513 3106 lo

461 3156 561 3256 Styx
585 3178 753 3261 quoque,¹
771 3156 803 3227 si
828 3155 921 3252 quid
944 3177 991 3228 ea
1012 3163 1085 3239 est,
1104 3154 1203 3227 bene
1221 3149 1513 3223 commutabitur

612 3267 723 3357 Istro,

513 3384 554 3459 Si
573 3385 666 3483 quid
684 3397 724 3459 et
740 3384 908 3473 inferius,
920 3408 1037 3484 quam
1056 3385 1190 3485 Styga,
1203 3381 1366 3455 mundus
1383 3381 1509 3456 habet.

463 3501 645 3575 Gramina
661 3502 787 3575 cultus
806 3524 908 3597 ager,
927 3500 1045 3598 frigus
1063 3500 1187 3597 minus
1206 3498 1287 3571 odit
1304 3498 1476 3586 hirundo,

512 3616 693 3712 Proxima
710 3615 923 3692 Marticolis
941 3642 1057 3716 quam
1074 3617 1159 3691 loca
1177 3616 1283 3689 Naso
1302 3614 1425 3689 Getis.

460 3936 566 3987 columen
586 3936 653 4003 pueri
672 3936 825 3987 Germanici:
849 3939 964 4005 intelligit
1013 3937 1482 4005 utitinactmngiapropinqunmltnlm.

461 4020 542 4061 autern
560 4011 690 4067 Neronem,
709 4010 815 4059 Drusum
834 4018 859 4061 et
876 4014 964 4065 cuum
1045 4016 1070 4063 6.
1091 4013 1179 4063 Ultima
1187 4012 1259 4075 nota]
1276 4014 1418 4077 Supremam
1424 4011 1516 4061 auide.

461 4086 589 4137 Cnsmm.
1013 4086 1076 4135 rium
1085 4102 1175 4136 meum.
1342 4084 1347 4093 “

495 4160 535 4209 48.
554 4158 615 4213 Quot
625 4156 850 4222 clototfonnondonj
869 4158 964 4217 Quibus
1046 4163 1071 4211 9.
1088 4161 1151 4210 Dua
1168 4170 1225 4209 nunt
1241 4160 1324 4225 Syrte·
1342 4159 1406 4226 apud
1423 4161 1515 4226 leptim

462 4232 543 4299 pueris
576 4240 624 4281 tun
659 4230 790 4304 diocinlinrr
821 4232 961 4291 commissis,
1013 4234 1129 4301 oppidum
1144 4234 1171 4283 in
1186 4244 1293 4284 extrema
1309 4233 1401 4290 Africa,
1415 4233 1519 4299 impare·

346 4378 351 4389 .
462 4320 551 4371 magna
560 4306 613 4355 laun
623 4305 725 4354 accessit
735 4305 787 4355 tibi.
1015 4308 1188 4373 magnitudine,
1207 4308 1258 4374 pari
1278 4315 1372 4364 natura,
1390 4306 1416 4355 in
1436 4323 1517 4372 regno,

495 4380 537 4429 49.
555 4379 691 4442 limmata]
721 4380 774 4429 Hoc
796 4390 840 4439 est,
860 4389 965 4431 nostram
1015 4382 1079 4445 quod
1094 4381 1166 4431 lrodic
1185 4382 1275 4447 Tripoli
1294 4391 1402 4439 vocatur,
1417 4397 1433 4430 a
1448 4380 1517 4446 oripo

462 4452 714 4519 nluunprovinbrn
722 4455 965 4522 curandamsuacipe.
1014 4457 1089 4505 nalo.
1120 4456 1192 4508 Sinus
1216 4455 1253 4504 illi
1274 4464 1331 4505 nunt
1350 4456 1519 4520 navigantibus

496 4528 537 4576 to.
555 4518 631 4591 Orio]
650 4526 748 4577 Scilicet
757 4528 830 4578 sulus.
855 4530 965 4578 Nitimu·
1013 4530 1215 4597 periculosissimi.
1247 4532 1361 4595 Ham

465 4610 513 4649 tato
524 4601 579 4649 loco.
612 4600 667 4651 Nisi
678 4600 806 4652 annuletur
815 4602 841 4651 in
854 4601 966 4653 exsilium
1050 4606 1088 4653 1³.
1099 4605 1235 4670 Gramina]
1249 4604 1519 4654 Herburcitinutilcn.

844 4738 861 4775 0
