3609 5967
462 858 466 869 ,
497 788 732 883 rltlsrluri
755 787 846 853 LIB.
871 787 900 853 Ι.
925 788 1062 855 ELEG.
1087 789 1155 856 111.
1287 794 1352 861 157

303 961 338 1034 N
342 987 386 1037 ec
404 986 530 1051 mora3
558 962 741 1037 sermonis
757 962 874 1036 rerba
890 960 1112 1061 imperfecta
1128 964 1313 1063 relinquo,

353 1079 623 1179 Complectens¹
640 1079 767 1153 animo
786 1080 965 1181 proxima
976 1102 1140 1193 quaequp
1157 1104 1255 1155 meo.
1301 1088 1350 1156 70

304 1193 405 1267 Dum
423 1189 567 1294 loquor,
587 1206 629 1271 et
644 1196 792 1281 flemus,
811 1196 907 1283 coeio
925 1190 1174 1270 nitidissimus
1192 1198 1281 1284 alto,

352 1310 471 1384 Stella
484 1310 606 1407 gravis
624 1312 745 1397 nobis,
767 1309 917 1385 Lucifer
933 1320 1035 1384 ortum
1053 1322 1144 1386 erat.

301 1410 456 1499 Dividor
477 1425 581 1499 haud
603 1428 723 1513 aliter,
742 1448 859 1523 quam
881 1425 915 1499 si
938 1448 1023 1499 mea
1045 1428 1214 1501 membra
1237 1428 1348 1504 relin-

298 1541 400 1645 ,Ξῖ
417 1566 503 1640 pars
521 1541 694 1640 abrumpi
712 1563 870 1639 corpore
887 1541 969 1614 visa
986 1565 1055 1614 suo
1073 1553 1144 1616 est.
1191 1544 1320 1640 [quam
1335 1572 1344 1633 3

300 1657 364 1730 Sic
383 1657 559 1732 Priamus
576 1658 709 1744 doluit,
720 1669 812 1730 tunc
830 1680 947 1753 quum
965 1656 1004 1729 in
1021 1658 1209 1731 contraria
1217 1682 1347 1736 versus

350 1771 504 1847 Ultores
523 1774 654 1848 habuit
667 1772 890 1871 proditionis
908 1796 1043 1869 equus.
1235 1870 1240 1875 Ι
1297 1780 1345 1851 76

297 1887 396 1961 Tum
412 1914 501 1963 vero
519 1890 686 1963 exoritur
703 1890 844 1963 clamor
861 1889 1105 1986 gemitusque
1122 1914 1303 1979 meorum,

349 2004 401 2078 Et
416 2005 553 2080 feriunt
569 2017 714 2080 moestae
733 2016 888 2105 pectora
907 2005 1008 2079 nuda
1024 2028 1181 2094 manus;

296 2120 393 2193 Tum
409 2146 497 2196 vcro
514 2124 669 2220 conjux,
687 2121 853 2197 humeris
871 2122 1046 2197 abeuntis
1065 2122 1263 2210 inhaerens,

347 2235 504 2311 Miscuit
520 2237 602 2311 haec
620 2238 797 2335 lacrymis
813 2238 937 2312 tristia
953 2237 1057 2311 dicta
1073 2238 1175 2313 suis:
1297 2245 1345 2314 80

297 2350 385 2425 Non
402 2366 511 2451 potes
528 2355 656 2428 avelli:
684 2355 797 2429 simul
816 2354 884 2427 ahi
913 2354 1024 2427 simul
1043 2353 1194 2442 ibimus,
1207 2355 1341 2454 inquit,

344 2466 400 2543 Te
417 2492 567 2566 sequar,
585 2481 625 2543 et
641 2471 782 2566 conjux
800 2469 943 2542 exsulis
962 2468 1071 2542 exsul
1090 2490 1166 2541 ero.

296 2581 348 2657 Et
365 2584 456 2658 mihi
474 2583 575 2658 facta
590 2584 652 2657 via
667 2596 748 2659 est:
778 2597 818 2659 et
834 2608 895 2658 me
913 2584 1016 2683 capit
1033 2584 1167 2657 ultima
1182 2584 1316 2661 telius:

275 2780 279 2787 ¹
346 2697 539 2773 Accedam
553 2698 722 2798 profugae
741 2699 889 2797 sarcina
907 2722 1022 2797 parva
1038 2696 1122 2772 rati.

295 2812 351 2887 Te
363 2815 475 2911 jubet
493 2840 514 2889 e
531 2818 654 2913 patria
671 2815 868 2890 discedere
882 2814 1046 2887 Caesaris
1065 2814 1140 2903 ira;
1295 2821 1342 2891 85

345 2929 413 3003 Me
431 2932 574 3030 pietas:
604 2931 726 3030 pietas
745 2932 826 3006 haec
844 2932 936 3004 mihi
956 2931 1086 3004 Caesar
1104 2930 1186 3005 erit.

204 3042 210 3054 '
293 3045 402 3119 Talia
418 3048 603 3135 tentabat,
623 3049 678 3121 sic
697 3059 735 3122 et
753 3058 964 3122 tentaverat
982 3057 1090 3135 ante;

342 3158 497 3260 Vixque
514 3162 622 3237 dedit
637 3164 757 3237 victas
775 3164 939 3237 utilitate
957 3186 1105 3237 manns.

326 3438 366 3487 75.
376 3437 496 3487 Sicdolur't
508 3438 689 3503 Primnum]
708 3438 792 3487 Sindo-
841 3437 950 3503 quisquis
968 3437 1010 3486 bos
1024 3452 1105 3486 versus
1121 3435 1228 3485 confisit.
1253 3436 1343 3487 Herus.

294 3512 338 3559 luit
351 3512 436 3559 Merito
444 3510 589 3561 Combienus
604 3520 628 3561 et
638 3529 701 3561 unns
711 3514 791 3562 Bono·
841 3510 889 3560 Cui
898 3510 1025 3560 assentitur
1035 3509 1167 3559 Hariesius.

292 3584 388 3641 niensis,
399 3584 463 3649 qnod
474 3584 611 3649 Naugerius
621 3602 716 3651 quoqne
727 3585 793 3635 vide·
873 3586 914 3635 83.
935 3584 958 3632 U
959 3586 1023 3633 ltine
1031 3582 1120 3645 ullu]
1137 3582 1280 3647 Scythicas
1287 3600 1342 3649 sep-

292 3666 331 3708 tur
338 3660 449 3723 probasse
460 3658 484 3706 in
495 3658 565 3723 priori
577 3659 689 3717 editione,
696 3669 794 3709 secutus
841 3656 996 3710 commonui·
1011 3659 1083 3721 regio.
1122 3657 1170 3706 Vel
1182 3657 1269 3723 potius,
1284 3658 1342 3722 quis

290 3730 345 3780 illos
355 3732 397 3796 qni
407 3732 491 3795 legunt
500 3740 624 3797 preterea,
635 3736 661 3780 in
674 3735 793 3781 maaria
840 3731 905 3780 eoin
916 3732 969 3781 loco
980 3731 1082 3781 Ovidius
1094 3746 1179 3779 navem
1193 3730 1341 3780 conscendit.

290 3822 363 3854 serm
375 3822 447 3869 quoa
482 3805 507 3854 Si
521 3805 553 3855 de
564 3805 790 3871 Priamointelligs·
841 3806 913 3855 Cror.

290 3879 477 3935 mnsmeiims'a
488 3882 790 3943 emnammaeprooist-
871 3880 912 3927 86.
931 3878 962 3926 Te
974 3878 1043 3939 jubet
1063 3894 1078 3925 o
1097 3875 1197 3939 patrm]
1223 3876 1342 3939 Epotria

250 3944 257 3953 ’
289 3957 338 4003 onis
354 3953 410 4018 legi,
422 3962 448 4003 nt
463 3952 494 4003 ad
509 3962 604 4020 raptum
618 3954 718 4004 Helena
729 3954 791 4003 eilu-
838 3953 917 4001 multi.
950 3951 1039 3999 Herus.

289 4026 346 4087 dm
363 4036 533 4090 nemroptoest
541 4026 566 4076 in
576 4044 625 4076 nno
635 4027 726 4076 codice.
742 4027 790 4075 Sed
872 4028 913 4075 86.
940 4026 980 4074 Me
993 4029 1080 4089 pistos.-
1095 4024 1190 4089 pietas]
1219 4024 1341 4073 Summam

290 4100 435 4166 comparatio
447 4118 532 4168 pemrn
546 4101 577 4150 ed
590 4118 639 4150 rem
650 4102 717 4159 facit,
728 4118 789 4167 qno·
839 4108 910 4163 etque
923 4097 1087 4147 incredibilem
1099 4106 1179 4147 movet
1190 4097 1341 4146 commisera-

289 4188 391 4238 cnmqne
410 4174 482 4223 modo
503 4174 578 4239 leges.
618 4174 690 4223 Metii
710 4182 790 4223 entem
838 4172 943 4231 tionem
959 4169 1340 4237 quasidicat,egovolennsbibo‚

289 4245 377 4311 injecta
391 4245 481 4297 mentio
495 4248 567 4313 plane
583 4257 668 4313 preter
682 4263 731 4296 rem
746 4256 790 4297 est.
840 4262 887 4294 non
898 4245 996 4311 imperio
1007 4244 1115 4295 cesaris.
1148 4243 1339 4308 Sedpistosqun

289 4318 370 4377 Quare
378 4329 458 4369 certus
465 4338 517 4370 sum
525 4322 570 4370 boc
576 4321 694 4371 distichon
704 4323 735 4370 ab
746 4322 791 4373 ilis
841 4320 915 4369 Cmr
927 4330 972 4377 est,
981 4318 1019 4367 vir
1031 4319 1088 4367 mihi
1098 4316 1221 4384 probanda
1233 4316 1339 4365 videtur:

288 4408 361 4441 menn
379 4409 439 4451 esse,
458 4409 512 4458 qun
529 4394 615 4461 sepios
633 4394 732 4459 adparet
749 4410 792 4460 per
837 4410 894 4443 nam
905 4394 924 4443 si
932 4393 1009 4460 pietas
1017 4392 1095 4442 uxoris
1106 4392 1183 4456 tangit
1191 4389 1280 4439 exsulis
1289 4388 1341 4438 ani-

287 4465 331 4515 hos
338 4465 419 4525 libres,
424 4482 509 4533 perum
517 4468 670 4534 tempestira5
687 4467 791 4516 habebat
838 4482 913 4525 mum,
924 4474 949 4515 et
959 4466 1029 4515 solari
1044 4472 1131 4531 potest,
1142 4463 1189 4512 elio
1203 4478 1282 4520 sensu,
1294 4462 1340 4512 sci·

287 4548 369 4588 eutem
385 4540 411 4589 in
428 4550 508 4589 mente
524 4540 646 4607 superiore
662 4541 718 4605 ista¹
733 4540 790 4589 Hes
838 4539 896 4589 licet
906 4540 1067 4607 indignatione
1076 4552 1161 4587 nomen
1169 4535 1270 4586 &seris
1280 4536 1339 4587 adti-

278 4612 359 4679 sociss
386 4612 467 4677 Tnp'ae,
485 4633 554 4680 quum
580 4624 709 4679 coperetm,
729 4624 790 4673 not,
838 4629 893 4665 cere
904 4614 984 4665 debet.
1015 4612 1098 4662 Melus
1112 4619 1149 4661 est
1161 4608 1250 4675 ingenii
1264 4609 1339 4671 lusus
