3609 5967
500 772 565 839 ltu
803 774 843 840 P.
866 772 1028 840 ovlnn
1051 771 1264 839 NASONIS

507 945 562 1019 Ut
578 947 699 1047 possis
716 947 842 1023 odisse
858 958 974 1034 tuam,
989 945 1090 1034 Pari,
1107 945 1238 1021 funera
1254 934 1408 1022 fratrum

555 1062 752 1138 Debueras
768 1063 888 1138 oculis
905 1061 1144 1137 substituisse
1162 1062 1250 1136 tuis.

506 1176 623 1253 Plura
637 1179 881 1278 loquebatur;
911 1180 1101 1279 placidum
1118 1178 1271 1277 puerilis
1289 1178 1414 1275 imago
1470 1184 1544 1255 575

558 1293 741 1369 Destituit
757 1318 951 1369 somnum:
980 1294 1012 1367 si
1028 1293 1142 1367 modo
1158 1317 1310 1368 somnus
1328 1305 1421 1369 erat.

507 1408 608 1495 Quid
625 1410 785 1486 faciam?
811 1411 937 1487 medid
955 1410 1078 1485 navim
1096 1409 1296 1485 Palinurus
1314 1410 1351 1485 in
1369 1410 1470 1484 unda

559 1525 721 1601 Deserit.
748 1528 896 1625 ignotas
911 1551 1025 1624 cogor
1042 1526 1135 1603 inire
1152 1527 1243 1601 vias.

509 1639 691 1740 Quisquis
708 1666 811 1718 amas
826 1644 929 1741 (loca
944 1642 1025 1717 sola
1039 1641 1194 1736 nocent)
1207 1642 1292 1715 loca
1307 1642 1387 1716 sola
1404 1651 1545 1717 caveto.

559 1755 644 1841 Quo
660 1756 783 1856 sugis?
809 1759 847 1832 in
863 1757 1005 1859 populo
1021 1757 1137 1831 tutior
1152 1780 1237 1833 esse
1254 1771 1375 1857 potes.
1474 1760 1548 1829 580

511 1869 598 1946 Non
614 1873 683 1948 tibi
701 1874 857 1949 secretis
875 1875 1034 1971 (augent
1051 1881 1198 1948 secreta
1212 1869 1372 1965 furores)

560 1986 633 2063 Est
648 2013 744 2089 opus
758 2015 768 2064 ε
796 1988 936 2064 auxilio
953 1989 1065 2062 turba
1080 1986 1205 2060 futura
1220 1987 1289 2060 tibi
1306 1997 1378 2061 est.

509 2101 643 2178 Tristis
661 2105 747 2193 eris,
766 2104 797 2178 si
815 2106 918 2179 solus
935 2104 1031 2180 eris:
1055 2103 1293 2201 dominaeque
1310 2102 1452 2177 relictae

473 2242 476 2248 ’
561 2217 662 2295 Ante
678 2222 807 2296 oculos
824 2219 940 2295 facies
957 2221 1084 2308 stabit,
1103 2232 1147 2295 ut
1163 2221 1257 2318 ipsa,
1275 2231 1373 2294 tuos.
1479 2220 1551 2291 584

511 2332 668 2410 Tristior
684 2336 825 2411 idcirco
842 2360 920 2410 uox
936 2347 1007 2424 est,
1027 2359 1143 2434 quam
1159 2344 1330 2434 tempora
1346 2332 1502 2407 Phoebi:

562 2449 658 2536 Quae
675 2452 816 2528 relevet
832 2452 968 2539 luctus,
987 2451 1099 2525 turba
1115 2450 1254 2524 sodalis
1272 2450 1392 2525 abest.

513 2562 596 2639 Nec
613 2564 702 2663 iuge
718 2566 972 2665 colloquium:
1001 2588 1071 2639 nec
1089 2565 1141 2639 sit
1155 2565 1224 2639 tibi
1237 2567 1356 2662 janua
1371 2565 1520 2639 clausa:

562 2679 645 2757 Nec
661 2682 826 2758 tenebris
843 2682 970 2755 vultus
987 2680 1125 2756 flebilis
1142 2682 1240 2756 abde
1257 2690 1355 2755 tuos.

513 2794 672 2895 Semper
688 2798 786 2873 habe
803 2795 990 2896 Pyladen,
1008 2798 1074 2896 qui
1091 2798 1304 2873 consoletur
1323 2796 1497 2872 Oresten.

562 2910 636 2986 Hic
653 2937 806 3011 quoque
823 2912 997 2987 amicitiae
1016 2937 1089 2987 non
1106 2911 1198 2988 levis
1215 2936 1306 2985 usus
1324 2912 1406 2989 erit.
1482 2915 1555 2987 590

512 3025 613 3112 Quid
631 3028 704 3102 nisi
721 3038 876 3104 secretae
893 3030 1070 3103 laeserunt
1086 3028 1267 3127 Phyllida
1283 3028 1410 3103 silvoet

563 3142 679 3219 Certa
693 3144 797 3220 necis
814 3168 950 3219 caussa
965 3155 1047 3220 est:
1076 3144 1295 3219 incomitata
1310 3141 1393 3218 fuit.

515 3257 613 3345 Ibat,
630 3270 674 3333 ut
689 3259 823 3334 Edono
840 3259 1004 3336 referens
1022 3260 1211 3336 trieterica
1228 3260 1382 3334 Baccho

564 3370 626 3447 Ire
642 3374 738 3450 solet
752 3374 846 3449 susis
863 3377 1022 3452 barbara
1036 3376 1148 3451 turba
1164 3375 1295 3450 comis.
1479 3378 1552 3451 594

514 3581 570 3631 Art.
588 3580 646 3630 Am.
662 3583 720 3632 541.
738 3581 801 3633 hanc
818 3598 874 3633 rero
891 3599 938 3634 non
957 3600 1008 3634 me
1058 3583 1097 3634 rit.
1131 3585 1220 3633 Bunu.

512 3656 589 3707 leram
606 3654 788 3705 sollicitudinem
804 3655 874 3705 docet
891 3657 1010 3707 lucianus
1089 3659 1148 3708 689.
1165 3657 1256 3720 &mua
1266 3658 1321 3706 lau
1333 3657 1441 3721 Pyladen
1450 3655 1557 3719 aliqum,

514 3730 772 3797 anonumum.
803 3730 921 3781 Μάλιστα
931 3729 955 3780 δὲ
965 3731 1010 3781 αὐ-
1057 3733 1097 3795 qui
1116 3740 1181 3780 curat
1202 3730 1317 3794 Ortum]
1349 3729 1397 3784 Qui
1420 3739 1443 3778 tr
1465 3732 1555 3778 coudr-

513 3807 568 3862 τὸν,
587 3805 648 3866 ἠνία
663 3805 775 3872 θνγατήρ
794 3805 869 3866 adri).
888 3804 1011 3870 ἐπίγαμος
1059 3816 1099 3854 tur
1114 3805 1211 3854 volebat
1229 3802 1352 3854 Francius.
1374 3802 1417 3853 sed
1438 3818 1483 3853 nec
1501 3802 1555 3852 vul·

513 3876 890 3941 ἤδηεαὶόπυωιὸεεάηςοῦσα.
921 3879 1009 3929 Bonis.
1057 3888 1114 3944 gata
1129 3879 1199 3929 facile
1215 3878 1357 3946 spernenda.
1392 3878 1499 3943 Pylades
1510 3879 1557 3926 cli·

546 3953 605 4002 573.
617 3951 712 4016 Pom]
725 3952 797 4003 Possis
805 3953 888 4003 iidem.
919 3953 1009 4004 Hans.
1057 3971 1130 4019 μω,
1146 3962 1174 4003 ut
1191 3954 1254 4003 intra
1270 3955 1329 4002 741.
1349 3954 1434 4016 adanu
1456 3952 1561 4001 actas

546 4028 605 4078 574.
624 4028 767 4076 &usuam
783 4027 850 4092 tuis]
868 4028 942 4093 Lago,
956 4044 1009 4091 pru·
1057 4035 1083 4076 et
1094 4027 1153 4082 Qnu
1163 4026 1275 4091 Cephalus
1288 4026 1305 4076 i.
1313 4025 1395 4075 Amor.
1405 4025 1456 4075 xiii.
1465 4026 1507 4074 ³9.
1517 4025 1560 4074 nbi

511 4105 617 4167 panthu.
650 4100 779 4166 Vulgatam
789 4109 869 4151 tamen
881 4100 1009 4150 lectionem
1058 4101 1112 4150 vide
1130 4118 1213 4150 eume
1230 4109 1310 4149 autern
1327 4099 1400 4150 etiam
1419 4114 1466 4147 non
1483 4098 1560 4148 inele-

513 4175 677 4226 nondamuo.
710 4173 848 4223 δωτίηιιὶω
864 4174 930 4225 utut
950 4174 1009 4240 quid
1057 4186 1150 4239 gunter,
1180 4189 1223 4240 pro
1248 4189 1317 4223 curas
1342 4173 1432 4228 levare,
1455 4172 1563 4223 reficere.

511 4251 670 4315 significarem
690 4247 721 4298 da
740 4264 788 4313 quo
806 4247 862 4298 ride
880 4248 912 4298 ad
932 4248 1008 4314 Epist.
1058 4248 1136 4299 tuear.
1154 4248 1243 4314 Philip.
1260 4246 1295 4298 ix.
1313 4249 1337 4297 ³.
1376 4247 1461 4296 Multis
1479 4248 1518 4295 uu
1532 4249 1559 4295 in

513 4327 565 4375 viii.
579 4326 621 4375 56.
638 4322 702 4391 quod
715 4322 755 4372 nic
770 4321 864 4372 admitti
876 4333 956 4389 posset
972 4333 1008 4374 ta·
1056 4324 1451 4387 urbitur,rejicieodiueteurandi
1459 4332 1559 4386 patmus

514 4416 578 4457 rnen,
590 4408 617 4450 ut
631 4399 722 4449 sedicet
737 4396 849 4447 Paridem
864 4397 1009 4464 ignaviorem
1050 4398 1114 4464 suit.
1124 4405 1150 4446 rt
1159 4398 1278 4464 proprium
1291 4412 1342 4447 esse
1355 4395 1500 4446 medicorum
1518 4412 1560 4445 no·

514 4472 621 4530 inducat,
638 4473 680 4539 qui
693 4471 815 4522 debuisset
827 4472 915 4521 andere
931 4488 1010 4523 coram
1059 4480 1109 4520 tum
1119 4478 1165 4520 est.
1199 4471 1290 4520 Burri.

514 4538 1009 4613 aspteefflmntntmnmdmlgmm
1101 4545 1159 4594 593.
1187 4541 1240 4592 lucr
1265 4554 1294 4592 ut
1318 4542 1440 4608 Edonia]
1472 4542 1562 4591 Edonis

513 4620 585 4668 etiarn
595 4620 694 4679 retineo,
705 4620 750 4671 etsi
759 4621 910 4686 singulariter
919 4620 1010 4673 dictum
1059 4617 1149 4685 scripti,
1172 4617 1220 4676 vel,
1247 4619 1329 4668 Aonio.
1353 4617 1418 4683 qnod
1444 4615 1562 4684 posterius
