3609 5967
439 716 508 781 Ex
534 670 695 782 rouro
721 715 811 781 nro.
836 714 899 780 1v.
925 714 1070 782 errsr.
1094 714 1186 781 x11.
1282 717 1348 783 oro

290 887 363 963 Ast
379 910 450 985 ego
468 911 543 965 non
562 889 677 963 alium
695 887 798 987 prius
816 889 888 962 hoc
907 888 1082 985 dignarer
1099 890 1261 978 honore;

341 1002 413 1077 Est
429 1005 566 1103 aliquis
585 1015 754 1079 nostrum
773 1004 804 1077 si
823 1004 936 1078 modo
953 1028 1107 1079 carmen
1121 1005 1253 1080 honos.

291 1119 371 1196 Lex
388 1122 496 1220 pedis
514 1123 649 1210 officio,
669 1132 880 1220 neutraque
898 1122 1061 1197 nominis
1078 1123 1243 1212 obstant,
1320 1128 1344 1199 5

340 1235 502 1335 Quaque
520 1261 625 1313 meos
642 1238 771 1326 adeas,
789 1247 850 1313 est
867 1237 928 1312 via
944 1238 1061 1325 nulle,
1079 1238 1226 1313 modos.

291 1352 391 1426 Nam
408 1354 529 1453 pudet
545 1354 584 1428 in
602 1354 772 1458 geminos
791 1355 845 1431 ite
861 1378 1001 1431 nomen
1017 1356 1161 1430 findere
1178 1379 1320 1443 versus,

341 1468 501 1543 Desinat
518 1480 560 1545 ut
576 1470 677 1569 prior
694 1471 779 1557 hoe,
799 1469 1031 1570 incipiatque
1048 1470 1190 1546 minor:

289 1581 341 1657 Et
356 1584 511 1683 pudeat,
530 1586 562 1659 si
580 1596 632 1674 te,
651 1609 729 1683 qua
746 1586 895 1684 syllaba
911 1597 1019 1687 parte
1036 1597 1215 1670 moratur,

226 1756 229 1763 .
338 1700 492 1775 Aietius
510 1702 711 1801 adpellem,
727 1700 1033 1800 Tuticanumque
1043 1724 1191 1778 vocem.
1299 1707 1344 1775 10

289 1814 372 1890 Nee
391 1828 499 1915 potes
516 1817 555 1891 in
572 1841 721 1892 versum
738 1816 915 1891 Tuticani
932 1840 1035 1891 more
1052 1818 1192 1906 venire,
1399 1823 1404 1828 ’

340 1930 423 2007 Fiat
440 1946 483 2008 ut
500 1958 521 2008 e
539 1935 651 2031 longa
668 1935 817 2032 syllaba
835 1935 957 2032 prima
973 1934 1110 2009 brevis.

287 2046 366 2120 Aut
383 2048 624 2146 producatur,
644 2073 730 2147 quae
750 2073 850 2123 nunc
867 2050 1079 2148 correptius
1098 2050 1190 2136 exit,

337 2162 388 2238 Et
404 2164 455 2239 sit
471 2177 644 2264 porrecte
661 2165 774 2263 longa
791 2167 961 2241 secunda
978 2189 1096 2241 mora.

287 2277 358 2353 His
376 2304 447 2377 ego
465 2282 497 2353 si
514 2280 613 2355 vitiis
632 2281 753 2355 ausim
771 2304 1012 2379 corrumpere
1030 2305 1180 2366 nomen,
1297 2284 1341 2353 15

335 2394 491 2482 Ridear‚
510 2406 549 2471 et
566 2395 699 2471 merito
717 2407 851 2496 peetus
868 2398 1008 2473 habere
1027 2421 1154 2495 neget.

287 2508 381 2585 Haec
399 2511 491 2585 mihi
509 2535 625 2586 causa
641 2511 712 2585 fuit
731 2512 840 2587 dilati
856 2513 1021 2587 muneris
1039 2514 1165 2612 hujus,

335 2624 448 2710 Quod
466 2649 573 2702 meus
591 2628 741 2725 adjecto
757 2627 898 2703 soenore
918 2628 1051 2704 reddet
1069 2651 1171 2726 ager.

284 2739 417 2840 Teque
431 2766 564 2817 cenom
584 2767 825 2842 quacumque
843 2756 955 2820 nota:
984 2746 1053 2819 tibi
1070 2744 1238 2820 carmina
1253 2742 1339 2817 mit-

334 2857 451 2933 Paene
469 2858 561 2935 mihi
578 2884 695 2959 puero
713 2862 865 2959 cognite
883 2886 993 2962 paene
1011 2887 1126 2961 puer;
1230 2862 1337 2957 [tam‚
1453 2960 1458 2967 ἡ

285 2974 436 3073 Perque
446 2985 503 3051 tot
513 2999 696 3051 annorum
708 2978 856 3067 seriem,
865 2990 962 3079 quot
971 2979 1154 3055 habemus
1165 2988 1336 3076 uterque,

335 3090 371 3163 N
374 3114 423 3164 on
442 3090 545 3178 mihi,
565 3115 681 3189 quam
694 3092 800 3168 fratri
818 3093 945 3181 frater,
964 3107 1088 3169 amate
1105 3096 1243 3167 minus.

283 3203 342 3279 Tu
359 3207 482 3281 bonus
499 3206 679 3297 hortator,
699 3220 740 3283 tu
758 3210 915 3310 duxque
933 3235 1138 3309 comesque
1153 3208 1268 3309 fuisti,

333 3321 461 3407 Quum
479 3348 648 3422 regerem
666 3337 796 3403 tenera
812 3326 929 3401 sraena
944 3327 1092 3402 novella
1108 3350 1236 3401 manu.

285 3440 397 3538 Soepe
413 3464 488 3537 ego¹
502 3440 647 3515 correxi
665 3443 737 3515 sub
756 3454 793 3517 te
812 3467 970 3518 censore
987 3443 1157 3530 libellos3
1287 3443 1337 3512 25

335 3556 448 3655 Saepe
464 3555 534 3630 tibi
552 3556 746 3631 admonitu
764 3557 865 3633 sacta
882 3558 995 3633 litura
1011 3581 1098 3632 meo
1115 3567 1195 3632 est:

316 3858 339 3906 7.
357 3858 387 3906 ln
396 3859 600 3925 geminationes]
619 3860 648 3908 In
659 3859 720 3909 duos
733 3875 783 3911 ver·
833 3862 940 3917 brevem,
952 3875 1006 3924 que
1017 3868 1103 3909 notura
1112 3858 1213 3924 produci
1220 3857 1302 3905 debet.

280 3948 335 3983 sus:
353 3932 462 3999 ponendo
472 3932 498 3982 in
509 3933 577 3983 ealce
587 3933 718 3984 hexametri
730 3950 783 4001 pss-
869 3934 907 3982 lu.
925 3932 1077 3999 Massaga]
1095 3932 1180 3981 Meum
1190 3929 1320 3995 ingenium.

281 4015 329 4055 tem
339 4005 440 4055 nominis
446 4005 481 4055 tui
492 4006 601 4073 priorem,
609 4007 702 4057 scilicet
714 4007 769 4059 Tull
774 4028 781 4057 .·
865 4008 907 4056 23.
925 4006 961 4054 Tu
972 4008 1042 4057 ὸοηω
1049 4006 1173 4070 torturae]
1190 4004 1338 4056 ndvinures
1384 4056 1391 4061 ,

279 4090 307 4131 ot
326 4080 425 4130 alterum
445 4081 471 4129 in
491 4079 607 4149 principio
632 4073 782 4147 peutodretri,
833 4080 1002 4145 espessendns.

281 4154 374 4204 scilicet
393 4156 479 4205 Canus.
512 4155 551 4204 ltu
571 4160 781 4209 mindensem.
864 4156 905 4204 24.
925 4153 1114 4218 Tenerumcuu]
1133 4151 1238 4203 Juvenili
1251 4153 1334 4201 mode-

281 4227 320 4276 Ite
330 4242 416 4277 nornen
426 4238 493 4277 tuum
504 4227 636 4277 diffindere.
832 4229 931 4279 semine.
964 4228 1153 4277 Fraeuanevcllu.
1184 4224 1336 4291 Tyrocinium

313 4302 339 4351 9.
358 4302 411 4356 Quo
426 4304 514 4367 syllaba
527 4312 594 4365 porto
607 4301 728 4366 metue]
747 4303 783 4353 Eo
831 4309 857 4351 ct
868 4302 987 4351 lubricum
997 4302 1075 4351 etatis
1086 4300 1236 4368 pullulantis.

280 4384 359 4442 purte.
371 4391 421 4441 qua
430 4376 524 4441 syllaba
534 4376 686 4442 producetur.
866 4378 906 4426 26.
918 4377 979 4438 Sep«
987 4376 1175 4441 lituruatj'ucta
1183 4374 1246 4438 titt]
1264 4375 1334 4441 Soepe

314 4450 354 4499 10.
371 4452 466 4499 Ararim
481 4449 614 4515 adpellem]
633 4446 743 4497 strictius
757 4454 783 4496 et
832 4450 905 4499 etiam
926 4459 952 4499 tu
973 4449 1109 4516 expunxisti
1130 4450 1156 4498 in
1177 4450 1225 4500 tuis
1242 4450 1336 4516 scriptis

280 4523 375 4575 brevius
392 4523 520 4583 nominem,
536 4523 647 4590 ponendo
663 4522 782 4587 syllabam
833 4524 923 4590 alique.

935 4598 1010 4645 Lis
