3609 5967
445 724 526 834 ⁴156
755 764 794 829 Ρ.
818 762 982 829 ovrnrr
1007 736 1221 827 unsours

461 940 563 1026 Quid
580 938 769 1014 facerem?
796 936 936 1011 blando
954 935 1085 1034 patriae
1103 934 1292 1009 retinebar
1310 959 1458 1011 amore:

511 1056 657 1131 Ultima
673 1055 741 1129 sed
754 1056 872 1150 jussae
890 1077 967 1127 nox
985 1062 1067 1127 erat
1083 1051 1149 1124 illa
1165 1051 1277 1148 fugae.
1462 1056 1512 1125 50

460 1172 538 1245 Ahl
566 1171 714 1269 quoties
732 1171 860 1267 aliquo
877 1167 957 1243 dixi
972 1180 1215 1268 properante,
1232 1169 1325 1266 quid
1344 1169 1482 1266 urges?

511 1287 583 1360 Vel
599 1311 676 1385 quo
693 1286 849 1361 festines
865 1288 933 1372 ire,
952 1287 1011 1359 vel
1030 1285 1142 1370 unde,
1161 1284 1260 1359 vide.
1576 1286 1582 1296 ’

461 1402 542 1476 Ah!
570 1402 719 1499 quoties
737 1412 880 1475 certam
898 1425 959 1474 me
978 1426 1062 1473 sum
1079 1401 1261 1475 mentitus
1279 1401 1436 1475 habere·

512 1516 666 1603 Horam,
686 1516 888 1615 propositae
908 1539 993 1614 quae
1011 1516 1107 1591 foret
1125 1526 1216 1615 epte
1232 1517 1313 1591 viae.

460 1632 535 1706 Ter
551 1633 667 1707 limen
683 1632 812 1729 tetigi3
842 1643 900 1705 ter
918 1656 1002 1705 snm
1020 1642 1240 1707 revocatus:
1270 1633 1409 1731 etipse
1460 1634 1509 1705 55

509 1748 715 1845 Indulgens
733 1747 858 1822 animo
875 1769 945 1845 pes
962 1746 1055 1820 mihi
1073 1748 1203 1821 tardus
1221 1759 1322 1821 erat:

460 1864 585 1963 Soepe,
604 1865 686 1939 vale
703 1864 818 1949 dictu,
837 1867 965 1936 rursus
983 1888 1068 1937 sum
1086 1864 1206 1937 multa
1222 1864 1389 1952 locutns3

510 1979 562 2053 Et
579 1980 688 2077 quasi
706 1978 908 2052 discedens
926 1978 1057 2051 oscula
1075 2003 1223 2053 summa
1239 1979 1350 2053 dedi:
1464 2054 1468 2061 ,

438 2096 574 2199 §aepe
590 2096 724 2181 eadem
741 2094 920 2169 mandata
936 2093 1047 2182 dedi3
1077 2117 1215 2190 meque
1228 2094 1315 2192 ipse
1332 2094 1459 2181 fefelli,

512 2212 737 2312 Respiciens
755 2210 875 2286 oculis
892 2211 1156 2309 pignoracare
1172 2212 1280 2284 meis.
1461 2214 1510 2283 60

426 2319 430 2325 ⁵
463 2327 654 2427 Denique,
674 2328 767 2426 quid
794 2326 981 2425 propero?
1016 2326 1176 2426 Scythia
1201 2338 1271 2413 est,
1293 2352 1369 2425 quo
1394 2328 1510 2402 mitti-

612 2467 707 2531 mur,
726 2442 907 2540 inquam:

511 2557 636 2631 Roma
651 2558 900 2655 relinquenda
918 2566 997 2629 est:
1027 2567 1189 2654 utreque
1201 2558 1307 2655 justa
1320 2583 1425 2633 mora
1439 2569 1509 2635 est.

464 2674 572 2748 Uxor
589 2673 628 2747 in
646 2683 829 2747 ueternum
845 2672 928 2744 vivo
946 2670 1037 2743 mihi
1054 2671 1138 2745 viva
1155 2685 1326 2771 negatur,

514 2788 566 2863 Et
581 2790 729 2875 domus,
748 2798 788 2862 et
805 2786 891 2859 fidae
910 2784 1036 2858 dulcia
1053 2788 1225 2861 membre
1239 2789 1388 2864 domus

464 2905 648 3003 Quosque
665 2929 736 3001 ego
753 2903 918 2977 fraterno
936 2900 1053 2974 dilexi
1074 2926 1177 2977 more
1188 2906 1358 2979 sodales.
1462 2910 1510 2981 65

451 3002 491 3028 ‘
515 3021 548 3094 Ο
564 3022 656 3095 mihi
674 3020 823 3097 Thesea
840 3029 997 3117 pectora
1010 3020 1144 3115 juncta
1161 3021 1256 3097 fide!

463 3138 567 3211 Dum
585 3139 687 3225 licet,
707 3138 938 3236 amplectar:
968 3157 1164 3231 nunquam
1181 3136 1339 3212 fortasse
1356 3137 1486 3211 licebit

511 3255 708 3354 Amplius:
737 3255 776 3328 in
793 3255 911 3338 lucro,
931 3274 1017 3348 quae
1036 3250 1147 3324 datur
1164 3253 1267 3341 hora,
1287 3253 1377 3326 mihi
1395 3264 1465 3329 est.

461 3490 564 3542 Callisto
573 3492 638 3542 enim
647 3493 699 3543 filia
707 3494 833 3559 Lycaonis,
844 3492 963 3558 ΨΑ]-
1013 3489 1092 3540 lecum
1106 3493 1251 3543 teterrimum
1260 3509 1276 3542 ι
1282 3493 1469 3559 jucundissimo:
1486 3504 1512 3545 et

461 3566 546 3624 cedite,
560 3568 630 3633 cujus
643 3568 757 3634 oppidum
771 3568 818 3618 fuit
828 3568 964 3626 Parrhasis,
1013 3575 1097 3617 neutra
1105 3566 1136 3616 de
1147 3582 1221 3617 ceusu
1232 3568 1403 3618 festinandum.
1419 3570 1499 3618 Pour.

461 3639 688 3691 nrsadicitnrlecte
701 3644 803 3698 memb
817 3641 964 3691 irnmJuno·
1045 3643 1086 3691 55.
1105 3642 1149 3691 Ter
1167 3644 1234 3691 limen
1255 3643 1343 3709 wige]
1369 3642 1438 3693 Adeo
1454 3643 1511 3693 siul-

460 3714 507 3771 nie,
516 3715 580 3780 quod
590 3732 647 3766 cum
656 3718 717 3766 Jove
726 3716 863 3771 concubuit,
874 3731 889 3765 a
902 3717 964 3766 Jove
1012 3723 1087 3763 strum
1103 3731 1173 3764 omen
1194 3717 1311 3781 putebant
1330 3725 1421 3765 reseres
1439 3718 1512 3766 limen

461 3796 541 3837 eutem
550 3787 575 3836 in
585 3790 707 3839 stellarum
714 3806 811 3839 nurnero
818 3790 902 3846 relate,
909 3806 963 3855 que
1012 3788 1140 3848 offendere,
1145 3806 1219 3855 quum
1225 3790 1322 3839 domurn
1327 3790 1512 3855 ingrederentur,

461 3861 595 3926 Septentrio
610 3863 753 3928 adpelletur.
770 3881 795 3911 v.
812 3862 904 3927 Hygin.
915 3862 962 3911 leb.
1012 3861 1112 3913 dumcve
1122 3864 1297 3928 egrederentur,
1307 3873 1335 3912 ut
1341 3864 1376 3922 id,
1388 3865 1451 3929 quud
1461 3875 1512 3915 tum

462 3934 519 3983 177.
528 3933 602 3984 Oviu.
618 3936 719 3984 Metam.
728 3936 753 3983 ii.
764 3936 815 3985 feb.
825 3953 848 3985 v.
858 3936 891 3985 vi.
903 3937 966 3986 405:
1013 3935 1098 3985 sacrun·
1108 3946 1185 3994 erent,
1195 3952 1304 4003 prospere
1319 3938 1363 3987 eibi
1373 3939 1511 4005 contingere

460 4008 517 4055 517.
549 4007 665 4057 Hennes.
1012 4012 1280 4075 nonpossecrederent.
1314 4012 1384 4062 Cror.

471 4129 475 4137 ,
493 4082 534 4130 50.
554 4079 642 4129 Ullum
654 4084 692 4130 ud
698 4082 791 4145 jurem]
811 4082 905 4131 Diebus
916 4084 962 4133 eci-
1044 4087 1086 4134 59.
1104 4086 1273 4153 lle-spleni]
1292 4086 1316 4134 h.
1332 4104 1354 4135 e.
1370 4088 1416 4137 rnei
1438 4086 1511 4153 ipsine

459 4152 517 4203 lic'et
531 4154 628 4221 elapsis,
636 4154 700 4204 intre
712 4171 772 4220 quoe
781 4157 839 4206 urbe
854 4166 879 4205 et
890 4157 962 4208 ltelie
1010 4157 1099 4209 oblitus
1122 4174 1183 4209 sum.
1215 4161 1254 4210 Tr.
1273 4160 1305 4208 iv.
1326 4160 1343 4208 i.
1359 4164 1383 4210 4.
1404 4162 1421 4210 i.
1443 4165 1467 4211 5.
1487 4163 1511 4211 5.

455 4226 538 4292 jussus
550 4242 615 4277 erum
630 4227 756 4277 excedere.
790 4228 839 4286 Qui
849 4232 913 4279 enim
924 4248 961 4280 re·
1011 4234 1125 4283 Henna.

458 4301 609 4366 legabuntur,
619 4302 649 4350 iie
662 4300 714 4350 dies
728 4302 861 4351 excedendi
874 4320 960 4371 epre·
1043 4309 1084 4357 64.
1101 4308 1189 4356 Dulcia
1207 4310 1326 4374 nienhem]
1349 4309 1453 4367 Amicos,
1469 4309 1511 4359 de·

458 4374 717 4425 sidibnederieulebet.
750 4375 850 4426 Barea.
1010 4383 1128 4439 mesdeus,
1143 4398 1231 4439 servos,
1248 4393 1290 4433 ant
1307 4385 1381 4433 etium
1397 4382 1510 4435 divitius:

491 4447 532 4498 62.
552 4449 763 4515 Velpwj'eetim]
783 4450 960 4503 Foefimmeli·
1010 4456 1061 4504 hec
1070 4456 1133 4504 enirn
1144 4456 1224 4504 omnin
1235 4466 1291 4505 sunt
1299 4458 1406 4505 membra
1415 4457 1510 4507 domus.

458 4537 519 4571 ores.
535 4522 846 4581 Hune—Quendam«.
864 4526 959 4584 Qno,in
1042 4532 1084 4580 66.
1103 4530 1185 4579 nesea
1191 4531 1266 4595 fide]
1285 4532 1373 4581 Amore
1386 4532 1442 4590 udo,
1452 4547 1511 4598 qua-

458 4603 591 4647 extremnm
600 4598 695 4647 urbem:
711 4598 898 4664 nummis.
929 4604 958 4653 ln
1008 4606 1038 4655 lis
1048 4603 1185 4653 luitThesei
1195 4604 1220 4653 in
1231 4604 1371 4655 Pirithoum.
