3609 5967
483 774 549 838 420
782 769 820 833 P.
844 767 1007 834 OVIDII
1031 766 1245 833 NASONIS

796 1004 1119 1133 sprsrour
1153 1055 1222 1129 vr.

775 1285 783 1305 ¹
887 1266 1137 1333 GRAECINO.

486 1410 695 1484 Casinus
715 1406 945 1491 Graeoiuum,
966 1404 1032 1501 qui
1050 1427 1217 1503 praeseus
1235 1426 1327 1477 voce
1346 1404 1506 1490 solebat,

534 1524 670 1601 Tristis
687 1524 736 1597 ab
755 1520 916 1600 Euxinis
936 1520 1041 1595 Naso
1060 1521 1200 1595 salutat
1217 1520 1339 1618 aquis.

487 1640 641 1716 Exsulis
658 1641 740 1715 haec
757 1664 831 1714 vox
848 1649 925 1713 est:
947 1639 1093 1738 praebet
1110 1636 1202 1712 mihi
1218 1637 1327 1710 litera
1342 1638 1530 1734 linguam3

537 1756 600 1844 Et,
620 1756 652 1830 si
670 1780 745 1829 non
762 1756 876 1829 liceat
894 1754 1072 1841 scribere,
1091 1762 1218 1828 mutus
1236 1777 1313 1827 ero.

487 1872 668 1973 Corripis,
688 1882 731 1945 ut
747 1871 878 1957 debes,
895 1871 1001 1944 stulti
1019 1878 1178 1968 peccata
1195 1869 1347 1955 sodalis,
1510 1873 1533 1941 5

537 1986 588 2062 Et
604 1988 704 2062 mala
720 2011 781 2061 me
798 1986 943 2061 meritis
960 1986 1057 2062 ferre
1073 1987 1218 2060 minora
1235 1986 1363 2060 doces.
1550 1991 1558 2005 '

485 2105 586 2180 Vera
601 2105 707 2192 facis,
726 2105 795 2179 sed
813 2128 910 2190 sera,
927 2128 1021 2180 meae
1039 2102 1210 2178 convicia
1225 2102 1370 2201 culpae:

535 2220 684 2321 Aspera
701 2219 875 2295 confesso
891 2220 1008 2295 verba
1024 2220 1172 2294 remitte
1190 2243 1266 2293 reo.

486 2336 613 2423 Quum
631 2348 801 2436 poteram
818 2348 922 2411 recto
940 2336 1099 2411 transire
1118 2335 1307 2410 Ceraunia
1322 2336 1417 2421 velo,

538 2454 592 2529 Ut
607 2455 687 2529 fera
698 2455 856 2530 vitarem
874 2478 980 2541 saxa,
1000 2453 1210 2529 monendus
1228 2476 1342 2527 eram.
1488 2457 1533 2524 10

485 2572 523 2646 N
525 2596 599 2646 unc
617 2570 708 2646 mihi
726 2571 920 2669 naufragio
938 2571 1031 2668 quid
1049 2571 1206 2670 prodest
1222 2570 1370 2643 discere
1386 2568 1500 2654 facto,

534 2687 659 2774 Quam
677 2712 763 2764 mea
779 2688 956 2764 debuerit
971 2711 1122 2762 currere
1140 2687 1279 2786 cymba
1294 2685 1419 2759 viam?

452 2815 468 2835 ‘
485 2804 650 2880 Brachia
666 2805 716 2878 da
732 2805 834 2879 lasso
850 2804 977 2904 potius
996 2805 1216 2904 prendenda
1232 2802 1399 2891 natanti3

536 2920 620 2996 Nec
638 2921 769 3020 pigeat
786 2930 913 2994 mento
932 2920 1177 3020 subposuisse
1195 2942 1361 2992 manum.

486 3035 609 3135 quue
626 3036 732 3124 facis,
747 3036 940 3134 faciasque
959 3059 1112 3136 precor:
1133 3035 1187 3108 sic
1206 3046 1326 3110 mater
1343 3043 1383 3109 et
1399 3058 1507 3118 uxor,

536 3152 601 3226 Sic
618 3151 685 3227 tibi
705 3152 782 3226 sint
792 3152 939 3239 fratres,
959 3162 1116 3250 totaque
1134 3151 1238 3224 salva
1254 3150 1403 3223 domus.
1488 3152 1533 3221 16
1568 3172 1573 3179 ’

485 3267 675 3367 Quodque
692 3268 792 3342 soles
809 3266 947 3354 anima,
964 3266 1066 3365 quod
1085 3290 1236 3365 semper
1246 3289 1339 3340 voce
1356 3266 1515 3365 precari,

460 3404 464 3413 ’
535 3382 675 3458 Omnia
693 3383 911 3458 Caesaribus
930 3384 984 3458 sie
999 3392 1065 3457 tua
1080 3381 1181 3458 sacta
1197 3383 1347 3481 probes.

516 3664 699 3715 aPraeoernui
707 3666 913 3732 baratrum]
926 3666 985 3716 Car·
1035 3673 1123 3715 tamen.
1150 3666 1230 3723 Quare
1240 3662 1442 3729 remitteadspm
1453 3662 1534 3719 verbo,

483 3752 538 3788 marr
557 3754 637 3788 meum
654 3747 691 3787 est
705 3738 764 3789 mibi
776 3738 830 3789 loeo
843 3740 942 3805 lingua,
954 3739 985 3789 od
1035 3740 1080 3788 boc
1097 3746 1141 3796 est,
1155 3737 1236 3787 desine
1252 3736 1342 3787 crimen
1356 3736 1460 3801 objicere
1475 3736 1535 3785 mibi

483 3810 638 3862 &nundum
649 3812 746 3861 amieos.
1034 3814 1205 3871 eonferso,&c.
1231 3812 1327 3861 Mrcru.

515 3884 540 3933 6.
553 3884 585 3934 Et
598 3885 660 3932 mla
672 3901 707 3933 mo
718 3889 806 3933 mritis
812 3886 883 3950 serre
895 3891 985 3936 mirum
1067 3888 1092 3937 9.
1103 3886 1240 3950 wanuh]
1250 3884 1369 3935 Ceraunia
1375 3892 1467 3934 moute·
1477 3896 1534 3935 turn

483 3957 565 4021 dalea]
585 3958 625 4006 Ita
642 3959 724 4023 scripti
743 3966 888 4016 commta,
906 3974 985 4024 neque
1034 3961 1222 4027 dunimiEp'rn‘.
1234 3960 1354 4009 Dicuntur
1361 3962 1533 4025 quoqueAm·

483 4040 565 4081 tamen
581 4032 724 4081 conveniens
740 4031 831 4081 bomini
846 4031 925 4082 emioo
940 4042 984 4090 est,
1034 4039 1153 4084 επααηία.
1180 4036 1298 4090 ereiurus¹
1310 4034 1371 4083 libro
1381 4042 1478 4099 quarto:
1511 4085 1515 4092 ,

483 4105 531 4155 ista
546 4114 596 4155 tam
613 4104 725 4155 immani·
742 4104 874 4171 adsperim
889 4106 984 4164 mentis,
1133 4109 1253 4171 Scapulae
1265 4108 1383 4157 Gerania
1393 4120 1470 4157 mre
1522 4136 1525 4141 ·

483 4186 512 4230 ot
524 4179 604 4230 doleat
615 4195 714 4246 poenam
724 4179 817 4229 Neroni
831 4180 863 4228 ab
874 4179 984 4245 Augusto
1067 4182 1160 4230 &mma
1170 4186 1258 4231 rimas.

483 4252 609 4320 imgatabr
626 4268 679 4303 esse
699 4254 762 4304 infra
787 4252 840 4319 eju·
864 4252 982 4303 meritum.
1068 4258 1107 4305 17.
1125 4256 1192 4313 Quod
1208 4260 1263 4307 iola
1276 4274 1361 4321 nuper
1377 4260 1467 4319 procori
1479 4260 1533 4305 oem'-
1608 4288 1611 4299 .

484 4328 565 4386 Quare
575 4326 695 4377 metior
704 4326 848 4391 Tranquillo
858 4328 936 4376 Fabro
946 4344 981 4377 re·
1032 4331 1088 4395 ma]
1118 4334 1198 4391 Quam
1218 4347 1268 4381 rem
1289 4348 1381 4398 sempor
1404 4340 1483 4381 mente
1508 4339 1535 4379 et

483 4402 580 4467 ponenti
591 4403 663 4459 docet,
674 4417 716 4468 pro
725 4402 793 4450 dola.
819 4400 911 4449 nass.
1033 4406 1104 4456 eorde
1121 4422 1189 4466 orasg
1206 4415 1233 4455 ut
1249 4406 1340 4456 seilicet
1352 4408 1436 4474 probes
1452 4405 1534 4456 omniu

517 4476 541 4525 7.
554 4476 614 4526 Vera
621 4475 742 4543 sucir,red
758 4492 809 4525 roro
825 4475 898 4539 m]
916 4476 983 4526 Ordo
1033 4487 1074 4528 tua
1085 4480 1149 4529 saca
1159 4480 1301 4531 Cmaribur.

483 4550 607 4599 verborum
622 4550 656 4601 sio
668 4552 755 4602 babet:
772 4550 833 4599 sacis
847 4561 873 4601 tu
884 4550 982 4616 quidem
1068 4555 1106 4601 lu.
1127 4554 1272 4618 Cesaribus]
1294 4553 1411 4619 Augusto,
1429 4552 1534 4610 Tiberio,

485 4624 593 4673 convicia
608 4640 665 4676 vera
684 4628 761 4693 culpe
781 4642 850 4682 mee,
868 4626 910 4677 πᾶ
931 4642 983 4676 sera
1034 4626 1120 4684 Druso,
1131 4642 1159 4677 ac
1169 4628 1269 4678 cetera
