3609 5967
509 747 648 815 rums
671 746 940 815 Ansronrrn
961 708 1146 817 mnhrr.
1299 754 1345 821 ⁷1

307 921 396 995 Dux
412 922 532 997 bonus
550 922 637 996 huic
654 932 805 1013 centum
823 922 1011 997 commisit
1026 924 1102 999 vite
1118 928 1324 1023 regendos;

358 1037 455 1113 Huic
474 1039 643 1138 equitcs;
672 1037 725 1112 illi
743 1038 852 1135 signa
867 1038 1009 1113 tuenda
1025 1040 1142 1113 dedit.

306 1152 383 1227 Vos
400 1178 566 1253 qnoque,
584 1155 632 1228 de
656 1154 763 1229 nobis
781 1177 894 1251 quem
913 1156 1077 1254 quisque
1092 1156 1143 1230 eit
1159 1168 1269 1256 aptus
1295 1160 1342 1234 ad

357 1268 554 1369 Inspicite:
574 1280 614 1345 et
626 1278 729 1345 certo
743 1270 871 1369 ponite
882 1294 1073 1370 quemque
1085 1273 1183 1346 loco.
1202 1276 1342 1369 [usum,

307 1384 467 1461 Munera
482 1388 549 1463 det
559 1388 686 1463 dives:
710 1389 773 1484 jus
788 1388 854 1485 qui
871 1386 1118 1486 profitebitur,
1134 1390 1252 1464 adsit:
1269 1394 1339 1465 531

356 1501 555 1578 Facundus
572 1528 745 1579 caussam
763 1528 864 1603 saepe
881 1504 1028 1579 clientis
1045 1517 1145 1601 agat.

306 1616 485 1694 Carmina
502 1620 567 1718 qui
583 1620 753 1706 facimus,
772 1620 964 1694 mittamus
980 1620 1145 1695 carmina
1162 1632 1318 1695 tantum.

355 1734 430 1809 Hic
449 1737 583 1811 chorus
602 1748 688 1812 ante
706 1736 798 1810 alios
817 1747 929 1835 aptus
947 1760 1073 1811 amare
1089 1762 1230 1813 sumus.

307 1848 343 1922 N
346 1875 387 1924 os
406 1851 562 1926 tacimus
580 1852 728 1951 placitoe
746 1854 821 1927 late
838 1855 1026 1952 praeconia
1041 1854 1182 1957 forme.
1269 1860 1343 1931 535

356 1966 393 2040 N
394 1992 505 2043 omen
522 1969 636 2043 habet
653 1968 847 2045 Nemesis:
878 1970 1047 2070 Cynthia
1062 1995 1198 2047 nomen
1215 1972 1341 2047 habet.

305 2080 450 2181 Vesper
466 2094 506 2159 et
523 2083 614 2158 Eoae
632 2110 766 2161 novere
785 2084 973 2184 Lycorida
988 2098 1119 2163 terrae:

355 2197 406 2272 Et
421 2200 542 2287 multi,
560 2225 646 2299 quae
663 2200 713 2275 sit
729 2212 857 2277 nostra
874 2200 1053 2289 Corinna,
1071 2212 1216 2300 rogant.

304 2312 425 2403 Adde,
445 2316 547 2414 quod
564 2317 709 2391 insidier
727 2318 843 2392 sacris
861 2342 884 2393 a
899 2320 1047 2393 vatibus
1065 2318 1223 2393 absunt:

353 2427 403 2501 Et
417 2428 509 2504 facit
524 2431 573 2504 ad
589 2456 712 2507 mores
730 2456 789 2507 ars
808 2456 959 2531 quoque
977 2444 1105 2508 nostra
1120 2456 1221 2507 suos,
1267 2436 1343 2507 540

306 2543 343 2617 N
345 2568 388 2618 ec
405 2569 475 2619 nos
492 2547 658 2633 ambitio,
676 2572 746 2622 nec
765 2572 869 2621 amor
884 2573 953 2623 nos
969 2548 1092 2645 tangit
1106 2547 1292 2623 habendi:

227 2678 234 2691 ·
356 2659 558 2735 Contemto
575 2662 708 2735 colitur
724 2663 846 2738 lectus
863 2673 904 2737 et
918 2664 1052 2737 umbra
1065 2662 1157 2737 foro.

305 2774 383 2850 Sed
400 2775 511 2852 facile
528 2777 725 2865 heremus,
744 2777 945 2875 validoque
962 2778 1169 2877 perurimur
1185 2786 1301 2866 aestu;

354 2890 406 2966 Et
422 2891 579 2965 nimium
596 2893 700 2966 certa
717 2893 857 2966 scimus
875 2915 1000 2967 amare
1016 2890 1105 2968 fide.

304 3008 460 3083 Scilicet
477 3008 668 3105 ingenium
685 3007 838 3107 placida
853 3008 1040 3081 mollimur
1057 3008 1105 3081 ab
1123 3016 1226 3081 arte:
1270 3010 1344 3083 545

355 3123 406 3198 Et
422 3123 545 3198 studio
562 3146 684 3197 mores
698 3121 967 3225 convenienter
982 3132 1086 3197 eunt.

300 3322 410 3372 mederet
434 3330 462 3372 ut
478 3322 588 3390 exempla
605 3321 694 3371 ducxrn
712 3322 744 3371 ad
762 3336 799 3371 rex
846 3320 956 3387 pert-De
971 3320 1095 3387 Lycoride,
1105 3329 1227 3387 txntopere
1241 3334 1257 3369 a
1271 3318 1344 3369 oue

301 3396 489 3453 maturimdrc.
511 3394 575 3445 Nam
584 3412 639 3460 quo
650 3394 748 3445 Merula
757 3394 796 3445 nie
847 3394 1202 3460 eumeuniwngmctx.
1232 3393 1323 3445 Auru.

301 3470 332 3520 de
342 3470 509 3519 Andromache
524 3470 683 3520 etTecrncxxt
692 3468 796 3535 exponit,
879 3469 936 3519 541.
953 3468 1003 3517 Nec
1012 3484 1076 3517 mor
1088 3484 1128 3517 nor
1140 3475 1209 3533 urget
1221 3466 1340 3532 latendi]

301 3543 426 3593 mornado
437 3543 536 3607 affingit.
567 3543 663 3591 Mrerr..
846 3541 911 3592 Mihi
921 3545 971 3591 urit
983 3542 1085 3592 maxime
1099 3541 1230 3599 blanditur,
1240 3543 1268 3591 ut
1277 3558 1343 3591 erno·

334 3619 391 3667 mr.
408 3618 472 3667 true
482 3626 573 3666 mittum
582 3618 798 3680 matjam·-
846 3632 896 3667 rem
907 3616 1011 3665 lrxbendi
1023 3616 1228 3683 elegxnterpoiitx
1239 3624 1343 3681 opponat

301 3691 403 3757 pm]
421 3690 518 3757 Optime
532 3690 625 3755 Regius
638 3698 663 3740 et
675 3705 737 3739 unm
747 3690 796 3740 Vx·
847 3690 921 3739 amori
936 3690 1033 3757 puella,
1049 3706 1098 3755 qno
1110 3690 1239 3756 precipuo,
1252 3698 1278 3739 et
1292 3689 1343 3740 eolo

302 3765 402 3823 ticxnm,
417 3767 470 3813 otte.
487 3764 605 3829 quomodo
618 3762 730 3830 antcius
746 3764 797 3813 Ob·
847 3765 895 3814 fere
906 3774 1004 3815 urentur
1013 3766 1101 3830 poitu-
1133 3764 1223 3814 Boxn.

301 3847 387 3889 servat.
405 3838 447 3888 lib.
466 3838 507 3887 xii.
525 3852 578 3903 cup.
595 3837 675 3887 xxxiv.
700 3854 730 3887 ex
749 3837 798 3887 onix
879 3840 937 3888 545,
953 3838 1076 3903 lugeatur
1089 3839 1182 3901 ptum
1197 3839 1342 3889 militent

300 3911 401 3979 scriptis.
418 3912 448 3962 de
465 3912 520 3969 vite,
532 3928 606 3977 quam
621 3911 728 3961 centurio
743 3926 797 3977 gu·
846 3912 919 3976 arta]
943 3912 1065 3962 Mettium
1083 3913 1171 3978 optime
1188 3911 1342 3963 &muium

301 3986 376 4043 tabat,
387 3986 500 4051 loquitur.
533 3985 622 4034 Herse.
846 4000 902 4035 curn
922 3994 1024 4052 quatuor
1043 3986 1105 4037 xliix.
1129 3986 1229 4037 uxitxtux
1247 3986 1341 4037 Neroni

333 4060 391 4109 tuo.
409 4060 440 4108 Et
450 4070 513 4109 cmo
522 4062 600 4121 ponito
609 4074 715 4123 quemque
730 4058 795 4123 lom]
846 4059 999 4111 Grecixnrux.
1022 4060 1112 4111 errro
1144 4060 1231 4111 ΝΜ
1245 4063 1275 4111 at
1289 4071 1341 4110 eru

300 4135 349 4183 Suo
367 4148 487 4199 quemque
505 4138 633 4181 amatorem
652 4132 704 4181 loco
722 4132 795 4183 collo-
845 4133 953 4184 Franeol.
962 4143 988 4185 et
996 4134 1128 4186 munus.
1138 4135 1223 4185 aaut
1231 4134 1273 4185 elii
1284 4148 1339 4183 conr

277 4238 282 4248 ι
301 4216 354 4255 cent
363 4208 458 4274 puellm
471 4215 560 4264 monet,
571 4221 619 4271 quo
630 4205 752 4257 certiorem
765 4222 794 4257 ex
843 4208 956 4258 Junieno.
966 4209 1008 4259 red
1017 4208 1164 4258 nihilmove:
1174 4210 1268 4271 placida
1276 4206 1340 4255 eninr

300 4281 347 4331 illis
365 4282 492 4333 utilitatem
510 4280 673 4341 ducan15ncc
691 4280 796 4331 carmina
844 4298 883 4331 rm
899 4282 985 4333 metim
999 4283 1060 4333 Foro
1073 4290 1098 4331 et
1112 4281 1191 4331 Curio
1207 4279 1340 4345 opponitur,

300 4362 384 4419 petant
401 4371 416 4405 a
431 4358 510 4411 divite,
528 4355 567 4405 vel
583 4370 685 4411 mma.
705 4354 736 4404 tl)
752 4354 795 4404 illo
844 4370 917 4421 qnam
927 4358 1020 4405 blodo.
1043 4357 1061 4405 i.
1070 4354 1124 4404 Art.
1136 4356 1174 4402 12.

301 4427 410 4492 quilxcit
419 4428 531 4487 carmine,
543 4430 588 4479 dre.
620 4427 708 4477 Auru.
876 4432 949 4495 Atque
964 4434 1050 4481 aalma
1063 4429 1157 4493 plocidd
1169 4426 1274 4476 madir
1288 4435 1340 4475 eru

333 4502 391 4551 536.
416 4503 500 4553 Nomen
521 4506 586 4553 tutet
606 4504 712 4561 Nemetis,
732 4504 791 4569 tte]
900 4505 975 4569 serm
1218 4498 1305 4552 Boxu.
1320 4521 1332 4531 ‘¹

298 4574 374 4642 Apud
381 4576 468 4627 tibull.
484 4578 584 4642 Cynthia
591 4593 653 4636 veru,
662 4576 726 4644 apud
735 4576 792 4627 Pro·
