3609 5967
459 769 527 838 w
603 840 609 849 ,
754 768 793 833 Ρ.
817 766 982 834 0v1o11
1006 765 1219 835 NASONIS

460 943 569 1017 Unus
588 942 626 1017 in
644 943 716 1016 hoc
733 942 874 1041 populo
892 964 1005 1017 nemo
1023 952 1093 1030 est,
1113 943 1180 1041 qui
1197 942 1294 1019 forte
1310 945 1427 1021 latine

510 1058 702 1143 Quaelibet
719 1082 741 1132 e
758 1059 884 1133 medio
901 1058 1061 1132 reddere
1077 1059 1193 1133 verbs
1211 1073 1340 1163 queat.

459 1174 531 1251 Ille
548 1198 620 1272 ego
639 1174 835 1248 Romanus
853 1185 973 1260 votes,
993 1174 1191 1272 ignoscite,
1211 1174 1349 1264 Musae,
1462 1181 1513 1251 55

511 1289 722 1366 Sarmatico
739 1312 855 1387 cogor
872 1288 1035 1389 plurima
1051 1313 1155 1364 more
1172 1290 1291 1388 loqui.

460 1405 520 1481 En
538 1407 670 1506 pudet,
687 1415 726 1479 et
743 1405 882 1496 fateor3
908 1407 990 1504 jam
1007 1406 1259 1482 desuetudine
1275 1409 1390 1505 longa

509 1522 586 1596 Vix
601 1523 769 1597 subeunt
785 1522 858 1621 ipsi
874 1525 992 1597 verbo
1009 1519 1145 1598 Latino
1161 1523 1266 1597 milri.

460 1637 497 1712 N
499 1662 544 1712 ec
562 1637 707 1725 dubito,
723 1637 816 1735 quin
833 1638 910 1711 sint
925 1647 967 1713 et
983 1638 1022 1711 in
1039 1638 1112 1712 hoc
1131 1663 1205 1712 non
1223 1660 1346 1737 pauca
1361 1638 1490 1713 libello

512 1752 701 1828 Barbara:
730 1777 806 1826 non
823 1752 985 1826 hominis
1003 1754 1130 1852 culpa,
1150 1753 1219 1828 sed
1237 1753 1312 1828 ista
1329 1754 1414 1828 loci.
1462 1757 1512 1827 60

460 1868 523 1946 Ne
539 1881 667 1944 tamen
685 1868 864 1943 Ausoniae
882 1868 1040 1969 perdam
1055 1870 1282 1949 commercio
1299 1871 1451 1968 linguae,

512 1985 563 2060 Et
579 1986 646 2060 fiat
663 1986 786 2085 patrio
802 2010 878 2060 vox
895 2010 982 2061 mes
996 1998 1105 2062 muts
1121 2010 1236 2075 sono;

461 2099 552 2201 Ipse
567 2102 708 2199 loquor
718 2124 882 2189 mecum,
902 2102 1138 2201 desuetaque
1155 2103 1270 2176 verba
1287 2111 1464 2189 retracto,

513 2215 564 2291 Et
581 2215 696 2291 studii
712 2227 845 2316 repeto
863 2217 973 2314 signa
989 2216 1143 2292 sinistra
1158 2217 1246 2291 mei.

462 2331 528 2407 Sic
546 2331 716 2407 animum
728 2343 958 2433 tempusque
972 2332 1101 2421 trab03
1124 2356 1263 2430 meque
1277 2332 1359 2433 ipse
1372 2332 1514 2407 reduco

510 2446 546 2520 A
563 2449 821 2548 contemplatu
838 2448 1121 2547 submoveoque
1138 2447 1240 2522 mali.
1460 2451 1512 2521 66

462 2547 703 2637 Carminibus
721 2587 849 2661 quoero
863 2563 1084 2640 miserarum
1101 2564 1240 2638 oblivia
1257 2588 1379 2639 rerum
1394 2590 1403 2638 :

513 2678 676 2755 Praemis
693 2680 726 2754 si
743 2681 870 2755 studio
888 2704 1102 2780 consequor
1118 2681 1204 2768 iste,
1224 2691 1284 2755 sat
1301 2691 1373 2755 est.

748 2924 849 2933 ...o-u-

781 3095 1048 3172 ELEGIA
1083 3096 1198 3173 Vlll.

463 3259 500 3334 N
505 3285 559 3334 ou
579 3263 675 3337 adeo
692 3263 826 3350 cecidi,
846 3262 1020 3360 quamvis
1038 3261 1223 3359 dejectus,
1241 3271 1285 3335 ut
1302 3261 1398 3335 infra

511 3373 568 3450 Te
585 3400 739 3475 quoque
755 3378 839 3465 sim,
858 3376 1011 3453 inferius
1030 3399 1107 3473 quo
1127 3375 1219 3449 nihil
1238 3399 1324 3450 esse
1342 3385 1481 3474 potest.

464 3488 559 3575 Quae
578 3491 647 3565 tibi
666 3515 725 3565 res
743 3494 888 3567 animos
907 3495 945 3568 in
963 3517 1024 3567 me
1041 3491 1143 3581 facit,
1154 3478 1359 3592 improbe?
1385 3516 1501 3566 curve

514 3606 680 3681 Casibus
698 3607 872 3696 insultas,
892 3634 989 3708 quos
1008 3620 1118 3708 potes
1136 3608 1219 3707 ipse
1237 3609 1342 3708 petil

463 3720 546 3796 Nec
562 3723 716 3798 malote
734 3725 898 3799 reddunt
916 3727 1060 3813 mitem,
1076 3722 1316 3823 placidumve
1325 3723 1471 3823 jacenti
1489 3726 1517 3798 5

513 3837 665 3925 Nostra,
686 3839 825 3937 quibus
843 3839 992 3941 possint
1009 3842 1247 3939 illacrymare
1264 3839 1380 3915 ferael

493 4093 536 4142 to.
556 4092 622 4144 Unus
636 4097 661 4144 in
675 4096 715 4145 boc
729 4099 814 4161 populo
827 4115 890 4148 nouo
905 4100 961 4163 ost]
1012 4100 1049 4149 Eo
1061 4098 1132 4148 modo
1148 4097 1242 4148 unimus
1257 4095 1367 4162 quiescit,
1377 4103 1402 4144 st
1415 4093 1519 4152 mutu,

460 4165 546 4234 Scripti
562 4166 658 4233 plurimi
668 4177 694 4219 et
708 4170 766 4220 editi
780 4171 886 4237 quidem,
897 4172 962 4237 quod
1012 4180 1038 4221 et
1059 4181 1154 4237 tempus
1177 4171 1211 4220 its
1229 4169 1379 4236 producitur.
1414 4168 1520 4217 Reduc.

461 4256 508 4290 nou
526 4248 613 4291 tenete
627 4251 726 4293 mutem.
744 4244 815 4294 Nemo
830 4262 899 4303 uum,
911 4245 962 4295 ele·
1013 4243 1136 4295 Removeo
1145 4244 1262 4312 untiuper
1272 4260 1288 4294 s
1298 4242 1423 4293 molestiis.
1446 4244 1521 4292 Meu.

460 4322 544 4377 genter
560 4315 661 4366 dicitur:
682 4317 763 4367 Liuiuu
780 4318 814 4367 iii.
830 4321 870 4377 12,
889 4322 962 4368 nemi·
1045 4319 1086 4368 66.
1105 4318 1205 4367 Premis
1221 4321 1240 4367 ti
1256 4317 1354 4381 studio]
1372 4317 1438 4366 Sati·
1451 4333 1519 4383 mg·

460 4404 511 4435 uem
520 4406 594 4437 unum
604 4406 656 4448 etto,
671 4394 739 4454 cujut
752 4393 824 4456 mugit
838 4409 906 4454 opera
918 4409 962 4455 pu·
1013 4407 1070 4441 num
1090 4392 1213 4459 prumiam
1222 4396 1269 4441 'me
1286 4391 1387 4441 arbitror
1400 4407 1519 4441 comtu-

461 4468 493 4509 tet
503 4465 664 4524 rempublicam
674 4467 812 4514 restitutam.
963 4492 968 4501 ·
1013 4474 1074 4524 tum,
1085 4466 1105 4516 ti
1118 4466 1314 4533 tranquillitatem
1331 4465 1405 4515 animi
1417 4466 1523 4515 subinde

490 4534 584 4584 6⁶:810
603 4540 706 4587 animm
727 4547 856 4602 tempusque
875 4536 962 4602 trum]
1014 4539 1415 4607 cuminibuslncimdindipitctr.
1439 4539 1523 4589 Pon.
