3609 5967
482 751 550 820 818
776 745 815 810 P.
839 742 1003 810 OVIDII
1028 741 1243 810 NASONIS

483 925 572 1000 Huc
589 922 695 1010 ades,
713 931 754 996 et
769 942 881 996 cesus
898 918 1055 1006 releves,
1069 917 1337 1017 pulcherrime,
1357 929 1526 1007 nostros,

534 1040 664 1113 Unum
680 1036 729 1110 de
746 1045 904 1109 numero
920 1057 982 1108 me
1000 1057 1144 1108 memor
1161 1057 1247 1112 esse
1265 1044 1345 1109 tuo.

485 1158 584 1232 Sunt
601 1157 671 1231 Dis
689 1154 786 1228 inter
802 1176 845 1226 se
862 1151 1110 1226 commercia:
1139 1151 1294 1228 flectere
1311 1161 1419 1226 tenta
1483 1156 1538 1226 45

534 1273 752 1347 Caesnreum
769 1290 910 1342 numen
928 1266 1096 1354 numine,
1117 1265 1284 1354 Bacche,
1304 1277 1384 1342 tuo.

480 1389 560 1464 Vos
577 1409 744 1487 quoque,
763 1391 958 1458 consortes
977 1381 1106 1470 studii,
1126 1382 1190 1481 pie
1206 1383 1331 1470 turba,
1350 1394 1487 1482 poete,

532 1504 628 1578 Hoeo
646 1502 780 1578 eodem
797 1511 923 1574 sumto
942 1499 1107 1598 quisque
1125 1510 1257 1597 rogate
1274 1523 1401 1574 mero:

481 1623 611 1720 Atque
628 1619 766 1720 aliquis
782 1627 962 1704 vestrum,
983 1615 1148 1690 Nasonis
1166 1615 1319 1691 nomine
1335 1617 1451 1704 dicto,

534 1738 713 1837 Deponat
728 1734 906 1833 lacrymis
925 1734 1065 1834 poculo
1081 1733 1196 1808 misto
1212 1733 1315 1822 suis3
1483 1738 1532 1807 50

482 1852 787 1949 Admonitusque
804 1849 891 1937 mei,
912 1873 1030 1949 quum
1047 1849 1362 1949 circumspexerit
1377 1873 1521 1936 omnes,

533 1969 667 2044 Dicat:
696 1966 763 2040 ubi
780 1976 840 2042 est
857 1966 974 2040 nostri
993 1989 1081 2064 pers
1099 1967 1211 2042 modo
1229 1965 1266 2041 N
1270 1989 1335 2040 aso
1352 1965 1482 2040 chori?

485 2087 609 2184 quue
626 2085 690 2174 ita,
710 2084 742 2158 si
759 2096 927 2160 vestrum
946 2083 1066 2158 merui
1083 2083 1247 2158 candore
1264 2082 1439 2170 savorem,

535 2202 729 2299 Nullaque
742 2199 889 2298 judicio
907 2200 1017 2274 litera
1034 2200 1127 2275 loesa
1142 2223 1228 2274 meo
1246 2211 1326 2274 est:
1416 2225 1419 2232 ’

484 2319 539 2406 Si,
557 2329 728 2394 veterum
746 2317 860 2414 digne
877 2341 1034 2392 veneror
1048 2341 1165 2415 quum
1184 2317 1327 2416 scripta
1342 2316 1515 2402 virorum,

533 2433 713 2508 Proxima
730 2458 805 2507 non
824 2434 898 2506 illis
916 2457 1001 2508 esse
1019 2432 1165 2508 minore
1186 2456 1282 2508 reor.
1484 2435 1531 2504 56

484 2550 549 2624 Sic
567 2549 680 2646 igitur
696 2551 832 2624 dextro
849 2549 996 2625 faciatis
1014 2549 1190 2649 Apolline
1207 2572 1381 2624 carmen:

533 2665 645 2751 Quod
658 2666 761 2754 licet,
779 2666 960 2740 intervos
977 2689 1115 2741 nornen
1132 2667 1272 2742 habete
1289 2689 1428 2742 meum.

821 3001 1198 3018 m*

838 3250 1083 3325 ELEGIA
1111 3251 1185 3325 IV.

487 3482 644 3556 eronn
664 3485 713 3556 ab
732 3483 884 3559 Euxino
905 3486 1069 3562 Nasonis
1088 3485 1364 3586 epistolarem,

536 3595 730 3696 Lassaque
747 3598 847 3674 sacta
863 3603 968 3688 meri,
989 3603 1167 3700 lassaque
1184 3601 1285 3676 sacta
1301 3601 1382 3689 via3
1483 3671 1484 3676 ,

485 3715 560 3800 Qui
587 3715 679 3788 mihi
705 3715 801 3789 flens
828 3716 947 3792 dixit:
981 3730 1036 3808 tu,
1066 3721 1127 3794 cui
1154 3719 1254 3808 licet,
1275 3715 1531 3817 adspice'Ro·

536 3829 641 3906 Heu!
669 3841 811 3928 quanto
823 3832 957 3906 melior
974 3859 1055 3909 sors
1069 3848 1136 3910 tua
1152 3845 1253 3910 sorte
1266 3834 1366 3908 meai
1395 3835 1529 3930 [mam;

517 4044 557 4092 4³.
577 4043 755 4110 Pulcherrima]
774 4047 839 4106 Quin
854 4047 905 4114 ipse
923 4049 986 4098 Buc-
1037 4049 1143 4118 proxima
1152 4057 1233 4099 vestm
1249 4047 1355 4099 carmine
1371 4047 1474 4114 antiquis
1488 4064 1536 4098 non

484 4117 544 4166 chus
554 4124 579 4166 et
589 4117 676 4185 Apollo
684 4135 777 4186 semper
783 4121 986 4186 jureucs‚imber-
1037 4141 1087 4174 esse
1106 4122 1224 4174 inferiore.
1261 4123 1368 4173 Proetum
1388 4132 1475 4179 nutem,
1493 4129 1535 4171 tut

484 4192 768 4258 bes,etvirgiuccfecie.
804 4197 883 4246 Porr.
1037 4196 1450 4262 vicinmutnuperavobiscdita.

517 4269 558 4317 54.
578 4267 697 4332 Nullaque
708 4270 823 4333 judicic]
849 4271 875 4319 Si
897 4270 986 4320 nullius
1069 4274 1110 4323 58.
1128 4271 1214 4320 Nomen
1230 4272 1310 4320 lubere
1325 4271 1418 4335 mmm]
1450 4270 1537 4318 Habete

485 4350 589 4390 vestrum
601 4357 697 4391 carmen
707 4341 785 4391 notavi
796 4358 918 4408 umquem:
936 4353 986 4402 eut,
1036 4341 1092 4394 'cum
1104 4344 1246 4395 melioribus.
1262 4345 1355 4394 Herus.
1375 4344 1430 4394 Solo
1441 4341 1535 4392 nomine

484 4415 505 4464 si
521 4415 546 4464 in
564 4432 711 4482 quemquam
727 4423 831 4467 vestrum
850 4417 987 4470 mordacem
1037 4419 1082 4467 sim
1092 4419 1222 4476 vobiscum,
1232 4418 1425 4484 quandoquidem
1439 4432 1535 4483 corpore

485 4505 578 4538 versum
590 4505 710 4555 nunquam
720 4489 837 4541 districti.
1036 4508 1083 4542 non
1099 4508 1203 4558 possum
1214 4501 1308 4559 propter
1319 4491 1470 4560 Augustum:
1489 4491 1535 4550 rel,

518 4563 558 4611 56.
577 4563 682 4612 Proxima
692 4581 737 4612 uon
748 4563 818 4628 illu]
837 4564 862 4614 Si
877 4563 985 4623 arbitror,
1037 4563 1083 4614 mei
1095 4581 1210 4615 memores
1220 4571 1302 4614 estote.
