3609 5967
366 789 369 801 ·
484 746 624 812 ARTIS
649 746 919 811 AMA'I'ORIAE
940 745 1031 810 nra.
1056 744 1124 809 Ill.
1295 744 1341 809 52

298 919 401 1006 Arte,
421 920 609 1019 supercilii
627 918 789 993 confinia
806 918 909 991 nuda
924 918 1091 1015 repletis,

348 1034 541 1133 Parvaque
558 1036 724 1109 sinceras
742 1032 841 1107 velat
859 1034 963 1106 aluta
978 1042 1108 1129 genas.

297 1150 332 1223 N
335 1176 378 1225 ec
396 1152 515 1252 pudor
530 1162 591 1227 est
606 1152 735 1225 oculos
749 1150 852 1223 tenui
871 1149 1019 1245 signare
1036 1148 1182 1235 savilld;

345 1266 415 1341 Vel
433 1292 549 1367 prope
567 1276 605 1341 te
621 1274 722 1351 nato,
742 1264 866 1339 lucide
886 1264 1036 1362 Cydne,
1054 1288 1176 1337 croco.

297 1380 366 1455 Est
383 1383 487 1469 mihi,
506 1406 581 1479 quo
599 1382 678 1456 dixi
692 1391 824 1457 vestrae
843 1378 1093 1453 medicamina
1105 1378 1244 1461 sormae,
1259 1383 1333 1451 205

345 1496 499 1583 Parvus,
519 1498 586 1572 sed
604 1498 694 1571 curel
713 1494 854 1591 grande
873 1493 1022 1568 libellus
1039 1518 1147 1591 opus.

297 1610 396 1685 Hinc
414 1637 566 1710 quoque
584 1612 798 1713 praesidium
816 1611 915 1685 loesae
935 1612 1093 1709 petitote
1109 1611 1258 1707 figurae:
1329 1680 1333 1688 .

347 1726 433 1801 Non
451 1740 510 1803 est
526 1754 593 1827 pro
610 1729 741 1803 vestris
759 1752 818 1801 ars
837 1752 922 1802 mea
938 1730 1051 1802 rebus
1068 1728 1179 1801 iners.

298 1842 384 1918 Non
401 1856 526 1920 tamen
544 1847 735 1945 expositas
753 1846 884 1919 mensal
902 1846 1111 1943 deprendat
1126 1855 1268 1919 amator

346 1958 526 2057 Pyxidas.
555 1986 614 2035 ars
632 1960 766 2035 saniem
784 1960 1019 2035 dissimulata
1030 1962 1148 2058 juvat.
1257 1963 1332 2033 210

296 2072 416 2158 Quem
435 2101 509 2149 non
527 2076 692 2151 offendat
709 2088 789 2151 toto
807 2076 880 2147 faex
899 2076 995 2149 illitu
1010 2077 1125 2162 vultu,

345 2190 442 2263 Cum
460 2192 543 2267 fluit
559 2192 597 2265 in
614 2191 762 2289 tepidos
780 2192 945 2289 pondere
962 2192 1069 2289 lapsa
1084 2192 1214 2265 sinuat

296 2304 442 2404 OEsypa
459 2306 551 2404 quid
568 2308 749 2391 redolent,
769 2306 939 2405 quamvis
956 2308 1125 2382 mittatur
1141 2306 1300 2381 Athenis

296 2464 303 2477 ·
345 2422 504 2496 Demtus
522 2424 569 2497 ab
587 2423 779 2497 immundo
797 2423 933 2499 vellere
950 2448 1086 2497 succus
1103 2424 1208 2497 ovis?

297 2535 377 2611 Nec
396 2561 521 2611 coram
538 2539 676 2613 mixtas
693 2562 812 2613 eervae
831 2539 1011 2613 sumsisse
1028 2538 1225 2623 medullas,
1257 2541 1331 2611 215

345 2651 426 2725 Nec
445 2677 568 2727 coram
586 2655 718 2729 dentes
737 2654 957 2728 defricuisse
974 2656 1143 2753 probem.

295 2768 374 2841 Ista
390 2770 534 2843 dabunt
551 2770 706 2857 saciem3
735 2771 801 2844 sed
820 2782 930 2845 erunt
946 2770 1127 2845 deformia
1143 2770 1225 2843 visu
1239 2798 1247 2844 :

344 2884 556 2981 Multaque,
574 2887 666 2959 dum
683 2886 777 2959 fiunt
793 2886 931 2983 turpia,
949 2886 1050 2960 facta
1068 2887 1230 2984 placent.

294 3000 388 3085 Quae
407 3026 506 3073 nuno
525 3026 660 3075 nomen
679 3002 819 3075 habent
835 3002 984 3100 operosi
1002 3001 1109 3098 signa
1126 3000 1311 3099 Myronis,

344 3114 496 3189 Pondus
511 3116 609 3191 iners
620 3119 823 3215 quondam,
835 3120 1006 3217 duraque
1020 3142 1145 3191 massa
1153 3117 1234 3191 suit.
1255 3122 1329 3189 220

323 3322 379 3369 203.
396 3322 493 3384 Alata]
514 3322 713 3386 calliblepharum,
729 3325 784 3375 vide
834 3325 940 3374 medulla
960 3324 1014 3374 diis
1033 3322 1234 3371 Medicaminibus
1253 3321 1328 3369 mixta

291 3394 410 3442 Arbitrum
422 3402 535 3443 nostrum.
570 3396 671 3445 Douzr.
833 3394 1328 3464 intelligere.qniaoervtnaenodallaeprin·

321 3470 379 3519 212.
398 3470 477 3532 OEaopn
493 3473 548 3533 quid
565 3474 786 3537 mammae
832 3473 937 3539 cipetum
954 3474 1016 3523 inter
1034 3472 1207 3521 molimenta
1227 3486 1256 3519 ex
1277 3485 1328 3519 me·

291 3546 413 3591 mittantur
423 3546 517 3592 Atlanta
523 3545 545 3608 1]
559 3546 598 3595 Sic
606 3546 677 3612 vulgo
686 3548 783 3613 quidem
832 3546 905 3595 dullis
922 3545 1060 3595 animalium
1075 3544 1159 3593 tribuit
1174 3544 1267 3593 Punin
1282 3543 1327 3591 lib.

291 3616 388 3681 legitur:
405 3618 447 3667 sed
458 3620 783 3687 OEuypa,veraleetiopoetu-
833 3620 914 3669 xxviii.
932 3635 986 3686 etp.
1002 3621 1028 3668 9.
1046 3628 1072 3667 et
1088 3618 1133 3667 hoe
1152 3634 1223 3667 sensu
1240 3618 1327 3683 pmiur

291 3691 333 3739 lat.
352 3705 407 3740 nam
417 3700 442 3741 et
452 3692 514 3758 apud
527 3693 623 3741 suidam
632 3702 656 3742 et
666 3695 730 3759 apud
738 3695 784 3743 Di·
832 3694 937 3743 medieas
944 3711 1032 3743 mmo
1041 3704 1182 3743 etenum
1190 3708 1275 3757 capere
1285 3691 1327 3740 do-

290 3765 418 3814 meotidem
434 3765 513 3815 madia
523 3766 616 3831 syllaba
632 3784 697 3832 pary
707 3768 784 3833 psilon
833 3766 883 3815 cuit
901 3766 1010 3816 Rhodius
1025 3767 1051 3815 in
1071 3766 1149 3816 lexico
1167 3764 1327 3823 scribonem,

290 3837 398 3887 scribitur
403 3856 411 3899 ;
428 3855 570 3905 quamquam
578 3840 638 3889 elias
645 3840 718 3890 iidem
727 3857 784 3892 auc·
832 3840 863 3889 da
879 3841 971 3891 interno
992 3850 1017 3890 et
1034 3850 1132 3891 externo
1145 3840 1326 3891 medicamento.

291 3919 351 3961 toras
360 3928 446 3976 genere
457 3930 503 3962 non
511 3914 661 3963 conveniant.
679 3930 733 3963 narn
740 3915 784 3964 Di·
833 3916 924 3963 Bunrr.
1119 3920 1122 3930 '

290 3986 406 4035 meotides
423 3987 526 4046 olous-oc
542 3986 566 4037 dl
581 3987 687 4053 λέγεται,
699 3990 784 4055 inquit,
865 3991 923 4038 219.
942 3990 1033 4051 Oporou¹
1049 3992 1115 4055 tigno
1134 3990 1259 4055 Mysorum]
1279 3990 1325 4040 Cui

290 4061 318 4109 τὸ
338 4060 364 4109 lic
379 4066 431 4111 νῦν
448 4061 592 4127 οἶσυπηρῧν
609 4062 681 4128 lpluv
702 4062 785 4123 λίπος.
834 4078 879 4111 non
890 4062 993 4113 innotuit
1001 4064 1215 4128 BueulnMyronie,
1223 4064 1248 4113 iu
1254 4079 1326 4129 quam

291 4133 385 4183 Micia.
833 4146 936 4194 amant,
957 4136 983 4186 in
1003 4137 1102 4186 Anthol.
1122 4137 1156 4186 iv.
1174 4154 1198 4187 a.
1220 4138 1245 4186 7.
1267 4136 1326 4202 spi-

321 4210 379 4258 216.
397 4208 526 4273 sumum]
549 4210 622 4259 Suissa
637 4226 698 4261 unus
715 4212 783 4261 Vati·
832 4226 933 4275 gramm.
944 4210 1010 4259 xxxi.
1021 4226 1035 4259 e
1045 4210 1132 4275 quibos
1140 4226 1251 4277 equam,
1262 4209 1326 4275 qmd

290 4298 371 4331 canu.
393 4283 453 4332 lorte
473 4286 565 4333 mim.
595 4285 686 4334 Huius.
715 4285 783 4333 Nihil
832 4283 969 4333 ertJuliani
979 4284 1235 4349 AEgypmdl'aremus:

292 4364 371 4416 mutu
391 4373 478 4405 summ
495 4365 574 4423 posset
594 4356 681 4423 aliquis
699 4374 783 4424 cupere
865 4360 957 4425 lldprw
966 4357 1171 4423 τήνδεΜύρννος
1179 4357 1247 4413 ldr'n,
1258 4356 1326 4421 τάχα

290 4444 331 4493 pro
345 4430 425 4479 bibere
441 4431 558 4481 medullas
574 4432 659 4481 mixtas
674 4431 729 4483 vino
745 4433 783 4482 vel
895 4436 969 4483 τοῦτο
977 4432 1086 4495 doloret·
1368 4428 1374 4442 “

290 4502 338 4551 alio
351 4504 450 4567 liquore.
467 4514 494 4553 ut
508 4522 574 4571 supr.
592 4506 617 4555 ii.
635 4506 715 4555 Amor.
732 4506 781 4555 rix.
861 4507 892 4557 *li
904 4507 976 4571 φύσις
987 4507 1086 4564 ἅπνοός
1098 4507 1172 4562 ἐστιν,
1189 4506 1325 4569 Mysum

287 4578 329 4627 32.
341 4577 383 4627 aad
393 4579 455 4629 rutlo
469 4580 498 4629 de
511 4580 632 4646 pigmento
646 4596 675 4629 ex
687 4581 782 4629 cervina
896 4582 986 4630 ἔπλετο
996 4579 1080 4644 τέχνη.
