<?xml version="1.0" encoding="UTF-8"?>
<!DOCTYPE html PUBLIC "-//W3C//DTD XHTML 1.0 Transitional//EN"
    "http://www.w3.org/TR/xhtml1/DTD/xhtml1-transitional.dtd">
<html xmlns="http://www.w3.org/1999/xhtml" xml:lang="en" lang="en">
 <head>
  <title>
</title>
<meta http-equiv="Content-Type" content="text/html;charset=utf-8" />
  <meta name='ocr-system' content='tesseract 3.04.00' />
  <meta name='ocr-capabilities' content='ocr_page ocr_carea ocr_par ocr_line ocrx_word'/>
</head>
<body>
  <div class='ocr_page' id='page_1' title='image "./opera02giergoog_0183.png"; bbox 0 0 3609 5967; ppageno 0'>
   <div class='ocr_carea' id='block_1_1' title="bbox 380 726 1154 849">
    <p class='ocr_par' dir='ltr' id='par_1_1' title="bbox 380 726 1154 849">
     <span class='ocr_line' id='line_1_1' title="bbox 380 726 1154 849; baseline 0.001 -6"><span class='ocrx_word' id='word_1_1' title='bbox 380 764 383 769; x_wconf 81' lang='grc'><strong>’</strong></span> <span class='ocrx_word' id='word_1_2' title='bbox 491 726 895 849; x_wconf 69' lang='lat' dir='ltr'>iniminuitur.</span> <span class='ocrx_word' id='word_1_3' title='bbox 921 775 1058 843; x_wconf 76' lang='lat' dir='ltr'>uino.</span> <span class='ocrx_word' id='word_1_4' title='bbox 1083 776 1154 844; x_wconf 87' lang='lat' dir='ltr'>rx.</span> 
     </span>
    </p>
   </div>
   <div class='ocr_carea' id='block_1_2' title="bbox 1285 780 1350 846">
    <p class='ocr_par' dir='ltr' id='par_1_2' title="bbox 1285 780 1350 846">
     <span class='ocr_line' id='line_1_2' title="bbox 1285 780 1350 846; baseline 0 -1"><span class='ocrx_word' id='word_1_5' title='bbox 1285 780 1350 846; x_wconf 80' lang='lat' dir='ltr'>lvo</span> 
     </span>
    </p>
   </div>
   <div class='ocr_carea' id='block_1_3' title="bbox 298 948 1347 1972">
    <p class='ocr_par' dir='ltr' id='par_1_3' title="bbox 298 948 1347 1972">
     <span class='ocr_line' id='line_1_3' title="bbox 298 948 1163 1048; baseline 0.001 -25"><span class='ocrx_word' id='word_1_6' title='bbox 298 948 384 1024; x_wconf 86' lang='lat' dir='ltr'>Hoc</span> <span class='ocrx_word' id='word_1_7' title='bbox 402 961 635 1026; x_wconf 85' lang='lat' dir='ltr'>eventurum·</span> <span class='ocrx_word' id='word_1_8' title='bbox 638 952 719 1048; x_wconf 89' lang='lat' dir='ltr'>jam</span> <span class='ocrx_word' id='word_1_9' title='bbox 736 960 830 1037; x_wconf 93' lang='lat' dir='ltr'>tum,</span> <span class='ocrx_word' id='word_1_10' title='bbox 849 949 1055 1037; x_wconf 84' lang='lat' dir='ltr'>carissime,</span> <span class='ocrx_word' id='word_1_11' title='bbox 1075 952 1163 1039; x_wconf 91' lang='lat' dir='ltr'>vidi,</span> 
     </span>
     <span class='ocr_line' id='line_1_4' title="bbox 350 1054 1288 1165; baseline 0.004 -25"><span class='ocrx_word' id='word_1_12' title='bbox 350 1066 481 1141; x_wconf 86' lang='lat' dir='ltr'>Ferret</span> <span class='ocrx_word' id='word_1_13' title='bbox 499 1068 621 1142; x_wconf 90' lang='lat' dir='ltr'>adhuc</span> <span class='ocrx_word' id='word_1_14' title='bbox 640 1068 753 1141; x_wconf 85' lang='lat' dir='ltr'>istam</span> <span class='ocrx_word' id='word_1_15' title='bbox 771 1092 889 1165; x_wconf 89' lang='lat' dir='ltr'>quum</span> <span class='ocrx_word' id='word_1_16' title='bbox 908 1054 1028 1141; x_wconf 85' lang='lat' dir='ltr'>minor</span> <span class='ocrx_word' id='word_1_17' title='bbox 1046 1092 1138 1144; x_wconf 86' lang='lat' dir='ltr'>aura</span> <span class='ocrx_word' id='word_1_18' title='bbox 1155 1079 1288 1144; x_wconf 90' lang='lat' dir='ltr'>ratem.</span> 
     </span>
     <span class='ocr_line' id='line_1_5' title="bbox 301 1180 1274 1281; baseline 0.004 -25"><span class='ocrx_word' id='word_1_19' title='bbox 301 1180 390 1257; x_wconf 88' lang='lat' dir='ltr'>Sive</span> <span class='ocrx_word' id='word_1_20' title='bbox 408 1184 561 1281; x_wconf 80' lang='lat' dir='ltr'>aliquod</span> <span class='ocrx_word' id='word_1_21' title='bbox 579 1196 739 1272; x_wconf 90' lang='lat' dir='ltr'>morum,</span> <span class='ocrx_word' id='word_1_22' title='bbox 758 1209 827 1259; x_wconf 88' lang='lat' dir='ltr'>seu</span> <span class='ocrx_word' id='word_1_23' title='bbox 843 1185 930 1258; x_wconf 76' lang='lat' dir='ltr'>vitae</span> <span class='ocrx_word' id='word_1_24' title='bbox 947 1185 1215 1261; x_wconf 70' lang='lat' dir='ltr'>labecarentis</span> <span class='ocrx_word' id='word_1_25' title='bbox 1269 1238 1274 1248; x_wconf 80' lang='lat'><em>-</em></span> 
     </span>
     <span class='ocr_line' id='line_1_6' title="bbox 351 1298 1220 1399; baseline 0.009 -28"><span class='ocrx_word' id='word_1_26' title='bbox 351 1298 422 1373; x_wconf 92' lang='lat' dir='ltr'>Est</span> <span class='ocrx_word' id='word_1_27' title='bbox 439 1300 623 1398; x_wconf 84' lang='lat' dir='ltr'>pretium3</span> <span class='ocrx_word' id='word_1_28' title='bbox 653 1326 765 1376; x_wconf 91' lang='lat' dir='ltr'>nemo</span> <span class='ocrx_word' id='word_1_29' title='bbox 783 1302 902 1399; x_wconf 86' lang='lat' dir='ltr'>pluris</span> <span class='ocrx_word' id='word_1_30' title='bbox 920 1301 1117 1376; x_wconf 86' lang='lat' dir='ltr'>habendus</span> <span class='ocrx_word' id='word_1_31' title='bbox 1136 1304 1220 1378; x_wconf 89' lang='lat' dir='ltr'>erit.</span> 
     </span>
     <span class='ocr_line' id='line_1_7' title="bbox 302 1412 1347 1515; baseline 0.008 -27"><span class='ocrx_word' id='word_1_32' title='bbox 302 1412 391 1489; x_wconf 88' lang='lat' dir='ltr'>Sive</span> <span class='ocrx_word' id='word_1_33' title='bbox 408 1439 477 1513; x_wconf 90' lang='lat' dir='ltr'>per</span> <span class='ocrx_word' id='word_1_34' title='bbox 493 1415 678 1512; x_wconf 86' lang='lat' dir='ltr'>ingenuas</span> <span class='ocrx_word' id='word_1_35' title='bbox 697 1417 837 1514; x_wconf 85' lang='lat' dir='ltr'>aliquis</span> <span class='ocrx_word' id='word_1_36' title='bbox 853 1427 971 1515; x_wconf 89' lang='lat' dir='ltr'>caput</span> <span class='ocrx_word' id='word_1_37' title='bbox 987 1418 1124 1492; x_wconf 87' lang='lat' dir='ltr'>extulit</span> <span class='ocrx_word' id='word_1_38' title='bbox 1141 1430 1263 1512; x_wconf 84' lang='lat' dir='ltr'>artes3</span> <span class='ocrx_word' id='word_1_39' title='bbox 1298 1426 1347 1496; x_wconf 83' lang='lat'>45</span> 
     </span>
     <span class='ocr_line' id='line_1_8' title="bbox 350 1529 1116 1629; baseline 0.007 -25"><span class='ocrx_word' id='word_1_40' title='bbox 350 1529 542 1615; x_wconf 84' lang='lat' dir='ltr'>Quaelibet</span> <span class='ocrx_word' id='word_1_41' title='bbox 559 1533 711 1629; x_wconf 90' lang='lat' dir='ltr'>eloquio</span> <span class='ocrx_word' id='word_1_42' title='bbox 726 1532 772 1605; x_wconf 88' lang='lat' dir='ltr'>iit</span> <span class='ocrx_word' id='word_1_43' title='bbox 787 1533 888 1606; x_wconf 88' lang='lat' dir='ltr'>bona</span> <span class='ocrx_word' id='word_1_44' title='bbox 905 1556 1021 1607; x_wconf 87' lang='lat' dir='ltr'>causa</span> <span class='ocrx_word' id='word_1_45' title='bbox 1037 1543 1116 1608; x_wconf 90' lang='lat' dir='ltr'>tuo.</span> 
     </span>
     <span class='ocr_line' id='line_1_9' title="bbox 300 1643 1195 1749; baseline 0.01 -32"><span class='ocrx_word' id='word_1_46' title='bbox 300 1643 372 1720; x_wconf 87' lang='lat' dir='ltr'>llis</span> <span class='ocrx_word' id='word_1_47' title='bbox 390 1650 463 1744; x_wconf 84' lang='lat' dir='ltr'>eg&#39;o</span> <span class='ocrx_word' id='word_1_48' title='bbox 479 1658 705 1736; x_wconf 85' lang='lat' dir='ltr'>commotus,</span> <span class='ocrx_word' id='word_1_49' title='bbox 724 1648 803 1722; x_wconf 80' lang='lat' dir='ltr'>dixi</span> <span class='ocrx_word' id='word_1_50' title='bbox 822 1649 891 1722; x_wconf 93' lang='lat' dir='ltr'>tibi</span> <span class='ocrx_word' id='word_1_51' title='bbox 910 1647 1081 1748; x_wconf 88' lang='lat' dir='ltr'>protinus</span> <span class='ocrx_word' id='word_1_52' title='bbox 1101 1651 1195 1749; x_wconf 86' lang='lat' dir='ltr'>ipsi:</span> 
     </span>
     <span class='ocr_line' id='line_1_10' title="bbox 351 1762 1200 1860; baseline 0.008 -25"><span class='ocrx_word' id='word_1_53' title='bbox 351 1762 478 1838; x_wconf 87' lang='lat' dir='ltr'>Scena</span> <span class='ocrx_word' id='word_1_54' title='bbox 495 1775 624 1840; x_wconf 90' lang='lat' dir='ltr'>manet</span> <span class='ocrx_word' id='word_1_55' title='bbox 639 1765 749 1840; x_wconf 90' lang='lat' dir='ltr'>dotes</span> <span class='ocrx_word' id='word_1_56' title='bbox 766 1764 931 1860; x_wconf 85' lang='lat' dir='ltr'>grandis,</span> <span class='ocrx_word' id='word_1_57' title='bbox 952 1765 1085 1852; x_wconf 86' lang='lat' dir='ltr'>amice,</span> <span class='ocrx_word' id='word_1_58' title='bbox 1103 1778 1200 1842; x_wconf 82' lang='lat' dir='ltr'>tuas.</span> 
     </span>
     <span class='ocr_line' id='line_1_11' title="bbox 300 1875 1318 1972; baseline 0.009 -23"><span class='ocrx_word' id='word_1_59' title='bbox 300 1875 396 1952; x_wconf 85' lang='lat' dir='ltr'>Haec</span> <span class='ocrx_word' id='word_1_60' title='bbox 415 1880 507 1954; x_wconf 93' lang='lat' dir='ltr'>mihi</span> <span class='ocrx_word' id='word_1_61' title='bbox 525 1906 601 1955; x_wconf 96' lang='lat' dir='ltr'>non</span> <span class='ocrx_word' id='word_1_62' title='bbox 619 1881 745 1955; x_wconf 91' lang='lat' dir='ltr'>ovium</span> <span class='ocrx_word' id='word_1_63' title='bbox 762 1881 879 1968; x_wconf 84' lang='lat' dir='ltr'>fibrae,</span> <span class='ocrx_word' id='word_1_64' title='bbox 899 1881 1107 1957; x_wconf 84' lang='lat' dir='ltr'>tonitrusve</span> <span class='ocrx_word' id='word_1_65' title='bbox 1125 1882 1287 1972; x_wconf 83' lang='lat' dir='ltr'>sinistri,</span> <span class='ocrx_word' id='word_1_66' title='bbox 1315 1966 1318 1972; x_wconf 52' lang='grc'><strong>,</strong></span> 
     </span>
    </p>
   </div>
   <div class='ocr_carea' id='block_1_4' title="bbox 351 1992 1162 2096">
    <p class='ocr_par' dir='ltr' id='par_1_4' title="bbox 351 1992 1162 2096">
     <span class='ocr_line' id='line_1_12' title="bbox 351 1992 1162 2096; baseline 0.007 -29"><span class='ocrx_word' id='word_1_67' title='bbox 351 1992 541 2094; x_wconf 83' lang='lat' dir='ltr'>Linguave</span> <span class='ocrx_word' id='word_1_68' title='bbox 558 2007 727 2084; x_wconf 87' lang='lat' dir='ltr'>servatae,</span> <span class='ocrx_word' id='word_1_69' title='bbox 746 2019 930 2096; x_wconf 84' lang='lat' dir='ltr'>pennave,</span> <span class='ocrx_word' id='word_1_70' title='bbox 949 1996 1047 2072; x_wconf 84' lang='lat' dir='ltr'>dixit</span> <span class='ocrx_word' id='word_1_71' title='bbox 1061 1997 1162 2073; x_wconf 87' lang='lat' dir='ltr'>avis:</span> 
     </span>
    </p>
   </div>
   <div class='ocr_carea' id='block_1_5' title="bbox 1298 2006 1348 2075">
    <p class='ocr_par' dir='ltr' id='par_1_5' title="bbox 1298 2006 1348 2075">
     <span class='ocr_line' id='line_1_13' title="bbox 1298 2006 1348 2075; baseline 0 0"><span class='ocrx_word' id='word_1_72' title='bbox 1298 2006 1348 2075; x_wconf 89' lang='grc'>50</span> 
     </span>
    </p>
   </div>
   <div class='ocr_carea' id='block_1_6' title="bbox 297 2107 1348 2790">
    <p class='ocr_par' dir='ltr' id='par_1_6' title="bbox 297 2107 1159 2328">
     <span class='ocr_line' id='line_1_14' title="bbox 297 2107 1159 2211; baseline 0.006 -29"><span class='ocrx_word' id='word_1_73' title='bbox 297 2107 506 2208; x_wconf 81' lang='lat' dir='ltr'>Augurium</span> <span class='ocrx_word' id='word_1_74' title='bbox 524 2114 619 2189; x_wconf 88' lang='lat' dir='ltr'>ratio</span> <span class='ocrx_word' id='word_1_75' title='bbox 637 2124 708 2200; x_wconf 87' lang='lat' dir='ltr'>est,</span> <span class='ocrx_word' id='word_1_76' title='bbox 727 2124 767 2187; x_wconf 92' lang='lat' dir='ltr'>et</span> <span class='ocrx_word' id='word_1_77' title='bbox 784 2115 1005 2211; x_wconf 84' lang='lat' dir='ltr'>conjectura</span> <span class='ocrx_word' id='word_1_78' title='bbox 1021 2113 1159 2204; x_wconf 81' lang='lat' dir='ltr'>futuri3</span> 
     </span>
     <span class='ocr_line' id='line_1_15' title="bbox 349 2226 993 2328; baseline 0.003 -27"><span class='ocrx_word' id='word_1_79' title='bbox 349 2226 433 2303; x_wconf 87' lang='lat' dir='ltr'>Hac</span> <span class='ocrx_word' id='word_1_80' title='bbox 450 2226 624 2318; x_wconf 82' lang='lat' dir='ltr'>divinavi,</span> <span class='ocrx_word' id='word_1_81' title='bbox 644 2231 892 2328; x_wconf 90' lang='lat' dir='ltr'>notitiamque</span> <span class='ocrx_word' id='word_1_82' title='bbox 910 2230 993 2304; x_wconf 88' lang='lat' dir='ltr'>tuli.</span> 
     </span>
    </p>

    <p class='ocr_par' dir='ltr' id='par_1_7' title="bbox 299 2340 1326 2556">
     <span class='ocr_line' id='line_1_16' title="bbox 299 2340 1326 2446; baseline 0.007 -31"><span class='ocrx_word' id='word_1_83' title='bbox 299 2340 394 2426; x_wconf 83' lang='lat' dir='ltr'>Quae</span> <span class='ocrx_word' id='word_1_84' title='bbox 411 2346 590 2443; x_wconf 90' lang='lat' dir='ltr'>quoniam</span> <span class='ocrx_word' id='word_1_85' title='bbox 608 2357 690 2420; x_wconf 87' lang='lat' dir='ltr'>rata</span> <span class='ocrx_word' id='word_1_86' title='bbox 706 2356 806 2431; x_wconf 88' lang='lat' dir='ltr'>sunt,</span> <span class='ocrx_word' id='word_1_87' title='bbox 825 2354 908 2418; x_wconf 86' lang='lat' dir='ltr'>tota</span> <span class='ocrx_word' id='word_1_88' title='bbox 924 2344 1016 2417; x_wconf 89' lang='lat' dir='ltr'>mihi</span> <span class='ocrx_word' id='word_1_89' title='bbox 1033 2355 1161 2420; x_wconf 89' lang='lat' dir='ltr'>mente</span> <span class='ocrx_word' id='word_1_90' title='bbox 1178 2345 1326 2446; x_wconf 89' lang='lat' dir='ltr'>tibique</span> 
     </span>
     <span class='ocr_line' id='line_1_17' title="bbox 351 2458 1160 2556; baseline 0.005 -26"><span class='ocrx_word' id='word_1_91' title='bbox 351 2458 544 2548; x_wconf 90' lang='lat' dir='ltr'>Gratulor,</span> <span class='ocrx_word' id='word_1_92' title='bbox 562 2460 757 2556; x_wconf 86' lang='lat' dir='ltr'>ingenium</span> <span class='ocrx_word' id='word_1_93' title='bbox 771 2484 847 2532; x_wconf 93' lang='lat' dir='ltr'>non</span> <span class='ocrx_word' id='word_1_94' title='bbox 865 2458 1022 2533; x_wconf 87' lang='lat' dir='ltr'>latuisse</span> <span class='ocrx_word' id='word_1_95' title='bbox 1039 2469 1160 2534; x_wconf 92' lang='lat' dir='ltr'>tuum.</span> 
     </span>
    </p>

    <p class='ocr_par' dir='ltr' id='par_1_8' title="bbox 298 2573 1348 2790">
     <span class='ocr_line' id='line_1_18' title="bbox 298 2573 1348 2676; baseline 0.001 -23"><span class='ocrx_word' id='word_1_96' title='bbox 298 2573 353 2653; x_wconf 85' lang='lat' dir='ltr'>At</span> <span class='ocrx_word' id='word_1_97' title='bbox 370 2585 540 2649; x_wconf 89' lang='lat' dir='ltr'>nostrum</span> <span class='ocrx_word' id='word_1_98' title='bbox 557 2576 724 2651; x_wconf 88' lang='lat' dir='ltr'>tenebris</span> <span class='ocrx_word' id='word_1_99' title='bbox 742 2575 887 2649; x_wconf 88' lang='lat' dir='ltr'>utinam</span> <span class='ocrx_word' id='word_1_100' title='bbox 905 2574 1081 2676; x_wconf 82' lang='lat' dir='ltr'>latuisset</span> <span class='ocrx_word' id='word_1_101' title='bbox 1097 2576 1137 2650; x_wconf 94' lang='lat' dir='ltr'>in</span> <span class='ocrx_word' id='word_1_102' title='bbox 1154 2576 1261 2652; x_wconf 88' lang='lat' dir='ltr'>imisl</span> <span class='ocrx_word' id='word_1_103' title='bbox 1299 2584 1348 2654; x_wconf 83' lang='lat'>55</span> 
     </span>
     <span class='ocr_line' id='line_1_19' title="bbox 350 2686 1094 2790; baseline 0.004 -28"><span class='ocrx_word' id='word_1_104' title='bbox 350 2686 533 2790; x_wconf 82' lang='lat' dir='ltr'>Expediit</span> <span class='ocrx_word' id='word_1_105' title='bbox 549 2691 675 2766; x_wconf 92' lang='lat' dir='ltr'>studio</span> <span class='ocrx_word' id='word_1_106' title='bbox 691 2691 819 2764; x_wconf 91' lang='lat' dir='ltr'>lumen</span> <span class='ocrx_word' id='word_1_107' title='bbox 837 2689 973 2764; x_wconf 85' lang='lat' dir='ltr'>abesse</span> <span class='ocrx_word' id='word_1_108' title='bbox 991 2714 1094 2765; x_wconf 89' lang='lat' dir='ltr'>meo:</span> 
     </span>
    </p>
   </div>
   <div class='ocr_carea' id='block_1_7' title="bbox 334 2979 766 3047">
    <p class='ocr_par' dir='ltr' id='par_1_9' title="bbox 334 2979 766 3047">
     <span class='ocr_line' id='line_1_20' title="bbox 334 2979 766 3047; baseline 0.002 -19"><span class='ocrx_word' id='word_1_109' title='bbox 334 2979 433 3029; x_wconf 76' lang='lat' dir='ltr'>Pectora</span> <span class='ocrx_word' id='word_1_110' title='bbox 439 2980 629 3047; x_wconf 71' lang='lat' dir='ltr'>promoufoeto</span> <span class='ocrx_word' id='word_1_111' title='bbox 636 2989 766 3029; x_wconf 73' lang='lat' dir='ltr'>meootuo.</span> 
     </span>
    </p>
   </div>
   <div class='ocr_carea' id='block_1_8' title="bbox 298 3052 808 3118">
    <p class='ocr_par' dir='ltr' id='par_1_10' title="bbox 298 3052 808 3118">
     <span class='ocr_line' id='line_1_21' title="bbox 298 3052 808 3118; baseline -0.004 -15"><span class='ocrx_word' id='word_1_112' title='bbox 298 3053 347 3103; x_wconf 77' lang='lat' dir='ltr'>Illa</span> <span class='ocrx_word' id='word_1_113' title='bbox 358 3063 440 3104; x_wconf 77' lang='lat' dir='ltr'>autem</span> <span class='ocrx_word' id='word_1_114' title='bbox 452 3071 496 3118; x_wconf 74' lang='lat' dir='ltr'>pro</span> <span class='ocrx_word' id='word_1_115' title='bbox 506 3072 580 3113; x_wconf 74' lang='lat' dir='ltr'>um,</span> <span class='ocrx_word' id='word_1_116' title='bbox 591 3054 683 3104; x_wconf 91' lang='lat' dir='ltr'>nullum</span> <span class='ocrx_word' id='word_1_117' title='bbox 697 3053 756 3103; x_wconf 87' lang='lat' dir='ltr'>mihi</span> <span class='ocrx_word' id='word_1_118' title='bbox 764 3052 808 3102; x_wconf 72' lang='lat' dir='ltr'>ri·v</span> 
     </span>
    </p>
   </div>
   <div class='ocr_carea' id='block_1_9' title="bbox 295 3128 800 4603">
    <p class='ocr_par' dir='ltr' id='par_1_11' title="bbox 295 3128 800 3788">
     <span class='ocr_line' id='line_1_22' title="bbox 298 3128 799 3180; baseline 0.002 -3"><span class='ocrx_word' id='word_1_119' title='bbox 298 3128 384 3178; x_wconf 84' lang='lat' dir='ltr'>deutur</span> <span class='ocrx_word' id='word_1_120' title='bbox 398 3129 488 3178; x_wconf 77' lang='lat' dir='ltr'>habere</span> <span class='ocrx_word' id='word_1_121' title='bbox 503 3146 609 3180; x_wconf 80' lang='lat' dir='ltr'>sensum.</span> <span class='ocrx_word' id='word_1_122' title='bbox 640 3130 739 3179; x_wconf 76' lang='lat' dir='ltr'>Merula</span> <span class='ocrx_word' id='word_1_123' title='bbox 756 3145 799 3178; x_wconf 82' lang='lat' dir='ltr'>ex·</span> 
     </span>
     <span class='ocr_line' id='line_1_23' title="bbox 298 3202 798 3270; baseline 0.008 -19"><span class='ocrx_word' id='word_1_124' title='bbox 298 3202 380 3268; x_wconf 78' lang='lat' dir='ltr'>plicat,</span> <span class='ocrx_word' id='word_1_125' title='bbox 391 3219 434 3270; x_wconf 85' lang='lat' dir='ltr'>pro</span> <span class='ocrx_word' id='word_1_126' title='bbox 447 3203 607 3270; x_wconf 74' lang='lat' dir='ltr'>intelligentia</span> <span class='ocrx_word' id='word_1_127' title='bbox 621 3212 663 3253; x_wconf 80' lang='lat' dir='ltr'>tua</span> <span class='ocrx_word' id='word_1_128' title='bbox 677 3212 702 3253; x_wconf 81' lang='lat' dir='ltr'>et</span> <span class='ocrx_word' id='word_1_129' title='bbox 711 3203 798 3255; x_wconf 84' lang='lat' dir='ltr'>doetri-</span> 
     </span>
     <span class='ocr_line' id='line_1_24' title="bbox 299 3279 799 3345; baseline 0.004 -18"><span class='ocrx_word' id='word_1_130' title='bbox 299 3293 346 3339; x_wconf 76' lang='lat'>¹¹⁸3</span> <span class='ocrx_word' id='word_1_131' title='bbox 370 3279 485 3345; x_wconf 76' lang='lat' dir='ltr'>quosdam</span> <span class='ocrx_word' id='word_1_132' title='bbox 506 3280 579 3330; x_wconf 82' lang='lat' dir='ltr'>etiam</span> <span class='ocrx_word' id='word_1_133' title='bbox 600 3280 634 3329; x_wconf 78' lang='lat' dir='ltr'>ait</span> <span class='ocrx_word' id='word_1_134' title='bbox 654 3281 741 3345; x_wconf 81' lang='lat' dir='ltr'>legere,</span> <span class='ocrx_word' id='word_1_135' title='bbox 756 3298 799 3344; x_wconf 82' lang='lat' dir='ltr'>pro</span> 
     </span>
     <span class='ocr_line' id='line_1_25' title="bbox 298 3353 798 3423; baseline 0.006 -22"><span class='ocrx_word' id='word_1_136' title='bbox 298 3369 364 3402; x_wconf 73' lang='lat' dir='ltr'>m</span> <span class='ocrx_word' id='word_1_137' title='bbox 371 3357 416 3410; x_wconf 83' lang='lat' dir='ltr'>tui,</span> <span class='ocrx_word' id='word_1_138' title='bbox 422 3361 449 3402; x_wconf 89' lang='lat' dir='ltr'>ut</span> <span class='ocrx_word' id='word_1_139' title='bbox 458 3353 490 3403; x_wconf 80' lang='lat' dir='ltr'>tit</span> <span class='ocrx_word' id='word_1_140' title='bbox 497 3371 539 3420; x_wconf 86' lang='lat' dir='ltr'>pro</span> <span class='ocrx_word' id='word_1_141' title='bbox 549 3354 633 3423; x_wconf 64' lang='lat' dir='ltr'>auditu</span> <span class='ocrx_word' id='word_1_142' title='bbox 643 3354 744 3404; x_wconf 73' lang='lat' dir='ltr'>nominis</span> <span class='ocrx_word' id='word_1_143' title='bbox 754 3354 798 3405; x_wconf 87' lang='lat' dir='ltr'>tui.</span> 
     </span>
     <span class='ocr_line' id='line_1_26' title="bbox 296 3426 796 3494; baseline 0 -19"><span class='ocrx_word' id='word_1_144' title='bbox 296 3426 389 3485; x_wconf 76' lang='lat' dir='ltr'>,Omnia</span> <span class='ocrx_word' id='word_1_145' title='bbox 398 3442 467 3483; x_wconf 76' lang='lat' dir='ltr'>vana,</span> <span class='ocrx_word' id='word_1_146' title='bbox 478 3435 503 3477; x_wconf 83' lang='lat' dir='ltr'>et</span> <span class='ocrx_word' id='word_1_147' title='bbox 517 3428 569 3477; x_wconf 77' lang='lat' dir='ltr'>siue</span> <span class='ocrx_word' id='word_1_148' title='bbox 580 3429 660 3494; x_wconf 78' lang='lat' dir='ltr'>lepore</span> <span class='ocrx_word' id='word_1_149' title='bbox 670 3437 696 3477; x_wconf 82' lang='lat' dir='ltr'>et</span> <span class='ocrx_word' id='word_1_150' title='bbox 706 3430 796 3492; x_wconf 81' lang='lat' dir='ltr'>gratio:</span> 
     </span>
     <span class='ocr_line' id='line_1_27' title="bbox 299 3500 798 3565; baseline 0.002 -16"><span class='ocrx_word' id='word_1_151' title='bbox 299 3500 349 3565; x_wconf 70' lang='lat' dir='ltr'>agit</span> <span class='ocrx_word' id='word_1_152' title='bbox 366 3500 430 3550; x_wconf 76' lang='lat' dir='ltr'>euim</span> <span class='ocrx_word' id='word_1_153' title='bbox 450 3501 645 3551; x_wconf 76' lang='lat' dir='ltr'>deincremento</span> <span class='ocrx_word' id='word_1_154' title='bbox 663 3501 733 3551; x_wconf 81' lang='lat' dir='ltr'>amici</span> <span class='ocrx_word' id='word_1_155' title='bbox 752 3501 798 3560; x_wconf 84' lang='lat' dir='ltr'>sui,</span> 
     </span>
     <span class='ocr_line' id='line_1_28' title="bbox 299 3573 799 3640; baseline 0.002 -17"><span class='ocrx_word' id='word_1_156' title='bbox 299 3573 363 3639; x_wconf 83' lang='lat' dir='ltr'>qood</span> <span class='ocrx_word' id='word_1_157' title='bbox 370 3573 426 3623; x_wconf 90' lang='lat' dir='ltr'>olim</span> <span class='ocrx_word' id='word_1_158' title='bbox 433 3574 486 3639; x_wconf 76' lang='lat' dir='ltr'>jam</span> <span class='ocrx_word' id='word_1_159' title='bbox 493 3583 623 3640; x_wconf 75' lang='lat' dir='ltr'>auguratus</span> <span class='ocrx_word' id='word_1_160' title='bbox 631 3583 692 3632; x_wconf 79' lang='lat' dir='ltr'>erat,</span> <span class='ocrx_word' id='word_1_161' title='bbox 699 3583 725 3623; x_wconf 85' lang='lat' dir='ltr'>ot</span> <span class='ocrx_word' id='word_1_162' title='bbox 735 3591 799 3624; x_wconf 87' lang='lat' dir='ltr'>nunc</span> 
     </span>
     <span class='ocr_line' id='line_1_29' title="bbox 298 3648 800 3714; baseline 0.006 -18"><span class='ocrx_word' id='word_1_163' title='bbox 298 3648 396 3714; x_wconf 81' lang='lat' dir='ltr'>obponit</span> <span class='ocrx_word' id='word_1_164' title='bbox 404 3664 453 3697; x_wconf 73' lang='lat' dir='ltr'>mu</span> <span class='ocrx_word' id='word_1_165' title='bbox 464 3648 605 3706; x_wconf 74' lang='lat' dir='ltr'>calamitati,</span> <span class='ocrx_word' id='word_1_166' title='bbox 617 3658 642 3698; x_wconf 86' lang='lat' dir='ltr'>et</span> <span class='ocrx_word' id='word_1_167' title='bbox 648 3649 800 3700; x_wconf 80' lang='lat' dir='ltr'>decremento</span> 
     </span>
     <span class='ocr_line' id='line_1_30' title="bbox 295 3721 744 3788; baseline -0.002 -18"><span class='ocrx_word' id='word_1_168' title='bbox 295 3723 398 3788; x_wconf 66' lang='lat' dir='ltr'>proprio</span> <span class='ocrx_word' id='word_1_169' title='bbox 408 3721 522 3771; x_wconf 71' lang='lat' dir='ltr'>sonum:</span> <span class='ocrx_word' id='word_1_170' title='bbox 541 3739 615 3788; x_wconf 81' lang='lat' dir='ltr'>quare</span> <span class='ocrx_word' id='word_1_171' title='bbox 625 3723 728 3787; x_wconf 78' lang='lat' dir='ltr'>legerem</span> <span class='ocrx_word' id='word_1_172' title='bbox 738 3741 744 3769; x_wconf 89' lang='lat'>:</span> 
     </span>
    </p>

    <p class='ocr_par' dir='ltr' id='par_1_12' title="bbox 299 3795 799 4084">
     <span class='ocr_line' id='line_1_31' title="bbox 333 3795 762 3862; baseline 0.002 -19"><span class='ocrx_word' id='word_1_173' title='bbox 333 3795 431 3845; x_wconf 76' lang='lat' dir='ltr'>Portoro</span> <span class='ocrx_word' id='word_1_174' title='bbox 438 3800 615 3862; x_wconf 76' lang='lat' dir='ltr'>proomusocto</span> <span class='ocrx_word' id='word_1_175' title='bbox 624 3813 703 3846; x_wconf 74' lang='lat' dir='ltr'>torono</span> <span class='ocrx_word' id='word_1_176' title='bbox 714 3806 762 3845; x_wconf 86' lang='lat' dir='ltr'>tuo.</span> 
     </span>
     <span class='ocr_line' id='line_1_32' title="bbox 302 3869 799 3935; baseline 0.004 -17"><span class='ocrx_word' id='word_1_177' title='bbox 302 3869 429 3927; x_wconf 74' lang='lat' dir='ltr'>Proomus,</span> <span class='ocrx_word' id='word_1_178' title='bbox 444 3882 481 3920; x_wconf 78' lang='lat' dir='ltr'>est</span> <span class='ocrx_word' id='word_1_179' title='bbox 500 3871 682 3927; x_wconf 82' lang='lat' dir='ltr'>incrementum,</span> <span class='ocrx_word' id='word_1_180' title='bbox 701 3870 799 3935; x_wconf 78' lang='lat' dir='ltr'>gradus,</span> 
     </span>
     <span class='ocr_line' id='line_1_33' title="bbox 299 3944 798 4009; baseline 0.002 -16"><span class='ocrx_word' id='word_1_181' title='bbox 299 3945 368 4009; x_wconf 75' lang='lat' dir='ltr'>cujus</span> <span class='ocrx_word' id='word_1_182' title='bbox 381 3944 460 4009; x_wconf 77' lang='lat' dir='ltr'>glossa</span> <span class='ocrx_word' id='word_1_183' title='bbox 474 3954 512 3995; x_wconf 79' lang='lat' dir='ltr'>est</span> <span class='ocrx_word' id='word_1_184' title='bbox 524 3956 650 4007; x_wconf 74' lang='lat' dir='ltr'>prouectus,</span> <span class='ocrx_word' id='word_1_185' title='bbox 658 3955 783 4008; x_wconf 78' lang='lat' dir='ltr'>proooutur</span> <span class='ocrx_word' id='word_1_186' title='bbox 788 3963 798 4005; x_wconf 91' lang='lat'>,·</span> 
     </span>
     <span class='ocr_line' id='line_1_34' title="bbox 299 4018 643 4084; baseline -0.006 -15"><span class='ocrx_word' id='word_1_187' title='bbox 299 4018 411 4069; x_wconf 75' lang='lat' dir='ltr'>Juvenal.</span> <span class='ocrx_word' id='word_1_188' title='bbox 420 4020 499 4084; x_wconf 76' lang='lat' dir='ltr'>Satyr.</span> <span class='ocrx_word' id='word_1_189' title='bbox 508 4019 526 4069; x_wconf 89' lang='lat' dir='ltr'>i.</span> <span class='ocrx_word' id='word_1_190' title='bbox 536 4036 585 4069; x_wconf 82' lang='lat' dir='ltr'>rer.</span> <span class='ocrx_word' id='word_1_191' title='bbox 596 4021 628 4069; x_wconf 89' lang='grc'>38</span> <span class='ocrx_word' id='word_1_192' title='bbox 637 4038 643 4067; x_wconf 78' lang='lat'>2</span> 
     </span>
    </p>

    <p class='ocr_par' dir='ltr' id='par_1_13' title="bbox 333 4093 790 4158">
     <span class='ocr_line' id='line_1_35' title="bbox 333 4093 790 4158; baseline 0.002 -16"><span class='ocrx_word' id='word_1_193' title='bbox 333 4093 363 4143; x_wconf 77' lang='lat' dir='ltr'>ln</span> <span class='ocrx_word' id='word_1_194' title='bbox 372 4096 453 4143; x_wconf 72' lang='lat' dir='ltr'>onium</span> <span class='ocrx_word' id='word_1_195' title='bbox 460 4111 514 4158; x_wconf 75' lang='lat' dir='ltr'>quot</span> <span class='ocrx_word' id='word_1_196' title='bbox 523 4096 605 4153; x_wconf 72' lang='lat' dir='ltr'>coedit,</span> <span class='ocrx_word' id='word_1_197' title='bbox 614 4097 698 4157; x_wconf 78' lang='lat' dir='ltr'>optimo</span> <span class='ocrx_word' id='word_1_198' title='bbox 709 4097 790 4143; x_wconf 71' lang='lat' dir='ltr'>mi</span> 
     </span>
    </p>

    <p class='ocr_par' dir='ltr' id='par_1_14' title="bbox 334 4169 799 4232">
     <span class='ocr_line' id='line_1_36' title="bbox 334 4169 799 4232; baseline 0 -16"><span class='ocrx_word' id='word_1_199' title='bbox 334 4169 404 4217; x_wconf 69' lang='lat' dir='ltr'>Noae</span> <span class='ocrx_word' id='word_1_200' title='bbox 424 4171 462 4217; x_wconf 80' lang='lat' dir='ltr'>oio</span> <span class='ocrx_word' id='word_1_201' title='bbox 480 4185 604 4232; x_wconf 68' lang='lat' dir='ltr'>ponemus,</span> <span class='ocrx_word' id='word_1_202' title='bbox 624 4169 707 4217; x_wconf 69' lang='lat' dir='ltr'>veruto</span> <span class='ocrx_word' id='word_1_203' title='bbox 726 4171 799 4217; x_wconf 76' lang='lat' dir='ltr'>norico</span> 
     </span>
    </p>

    <p class='ocr_par' dir='ltr' id='par_1_15' title="bbox 396 4242 767 4292">
     <span class='ocr_line' id='line_1_37' title="bbox 396 4242 767 4292; baseline -0.006 0"><span class='ocrx_word' id='word_1_204' title='bbox 396 4245 472 4292; x_wconf 73' lang='lat' dir='ltr'>onte.</span> <span class='ocrx_word' id='word_1_205' title='bbox 677 4242 767 4290; x_wconf 83' lang='lat' dir='ltr'>Bunrr.</span> 
     </span>
    </p>

    <p class='ocr_par' dir='ltr' id='par_1_16' title="bbox 299 4313 799 4459">
     <span class='ocr_line' id='line_1_38' title="bbox 334 4313 799 4380; baseline 0.007 -18"><span class='ocrx_word' id='word_1_206' title='bbox 334 4316 375 4363; x_wconf 76' lang='grc'>42.</span> <span class='ocrx_word' id='word_1_207' title='bbox 391 4313 565 4378; x_wconf 61' lang='lat' dir='ltr'>litostratum]</span> <span class='ocrx_word' id='word_1_208' title='bbox 584 4313 640 4362; x_wconf 69' lang='grc' dir='ltr'>Τι’</span> <span class='ocrx_word' id='word_1_209' title='bbox 633 4329 712 4380; x_wconf 72' lang='lat' dir='ltr'>ipsum</span> <span class='ocrx_word' id='word_1_210' title='bbox 726 4324 752 4364; x_wconf 81' lang='lat' dir='ltr'>et</span> <span class='ocrx_word' id='word_1_211' title='bbox 762 4314 799 4365; x_wconf 86' lang='lat' dir='ltr'>iu·</span> 
     </span>
     <span class='ocr_line' id='line_1_39' title="bbox 299 4387 406 4459; baseline 0.051 -5"><span class='ocrx_word' id='word_1_212' title='bbox 299 4387 406 4459; x_wconf 53' lang='lat' dir='ltr'>talin·</span> 
     </span>
    </p>

    <p class='ocr_par' dir='ltr' id='par_1_17' title="bbox 300 4460 799 4603">
     <span class='ocr_line' id='line_1_40' title="bbox 334 4460 799 4529; baseline 0 -17"><span class='ocrx_word' id='word_1_213' title='bbox 334 4462 376 4512; x_wconf 79' lang='lat'>⁴6</span> <span class='ocrx_word' id='word_1_214' title='bbox 391 4461 443 4511; x_wconf 73' lang='lat' dir='ltr'>Sive</span> <span class='ocrx_word' id='word_1_215' title='bbox 452 4480 494 4526; x_wconf 77' lang='lat' dir='ltr'>por</span> <span class='ocrx_word' id='word_1_216' title='bbox 506 4460 735 4529; x_wconf 59' lang='lat' dir='ltr'>tagam-oto]</span> <span class='ocrx_word' id='word_1_217' title='bbox 753 4461 799 4512; x_wconf 81' lang='lat' dir='ltr'>Ar·</span> 
     </span>
     <span class='ocr_line' id='line_1_41' title="bbox 300 4534 685 4603; baseline 0.005 -18"><span class='ocrx_word' id='word_1_218' title='bbox 300 4534 685 4603; x_wconf 52' lang='lat' dir='ltr'>tulmingoouisdignu</span> 
     </span>
    </p>
   </div>
   <div class='ocr_carea' id='block_1_10' title="bbox 847 2976 1378 4450">
    <p class='ocr_par' dir='ltr' id='par_1_18' title="bbox 847 2976 1378 3999">
     <span class='ocr_line' id='line_1_42' title="bbox 849 2976 1349 3049; baseline 0.014 -20"><span class='ocrx_word' id='word_1_219' title='bbox 849 2978 981 3046; x_wconf 81' lang='lat' dir='ltr'>aliquando</span> <span class='ocrx_word' id='word_1_220' title='bbox 998 2994 1085 3046; x_wconf 76' lang='lat' dir='ltr'>magno</span> <span class='ocrx_word' id='word_1_221' title='bbox 1099 2976 1192 3030; x_wconf 73' lang='lat' dir='ltr'>theano</span> <span class='ocrx_word' id='word_1_222' title='bbox 1206 2984 1349 3049; x_wconf 77' lang='lat' dir='ltr'>spectabun-</span> 
     </span>
     <span class='ocr_line' id='line_1_43' title="bbox 849 3055 1027 3105; baseline -0.011 -1"><span class='ocrx_word' id='word_1_223' title='bbox 849 3063 895 3105; x_wconf 83' lang='lat' dir='ltr'>tur.</span> <span class='ocrx_word' id='word_1_224' title='bbox 929 3055 1027 3103; x_wconf 77' lang='lat' dir='ltr'>Bsnrrr.</span> 
     </span>
     <span class='ocr_line' id='line_1_44' title="bbox 858 3129 1350 3193; baseline 0.008 -16"><span class='ocrx_word' id='word_1_225' title='bbox 858 3178 860 3183; x_wconf 79' lang='grc'><em>,</em></span> <span class='ocrx_word' id='word_1_226' title='bbox 882 3131 923 3179; x_wconf 89' lang='grc'>49.</span> <span class='ocrx_word' id='word_1_227' title='bbox 957 3129 1008 3178; x_wconf 85' lang='lat' dir='ltr'>Hoo</span> <span class='ocrx_word' id='word_1_228' title='bbox 1033 3130 1110 3193; x_wconf 74' lang='lat' dir='ltr'>mitt]</span> <span class='ocrx_word' id='word_1_229' title='bbox 1146 3129 1203 3179; x_wconf 78' lang='lat' dir='ltr'>Haeo</span> <span class='ocrx_word' id='word_1_230' title='bbox 1233 3132 1350 3185; x_wconf 75' lang='lat' dir='ltr'>meliores.</span> 
     </span>
     <span class='ocr_line' id='line_1_45' title="bbox 849 3205 1350 3271; baseline 0.006 -19"><span class='ocrx_word' id='word_1_231' title='bbox 849 3205 940 3254; x_wconf 75' lang='lat' dir='ltr'>Huius.</span> <span class='ocrx_word' id='word_1_232' title='bbox 974 3205 1025 3253; x_wconf 82' lang='lat' dir='ltr'>Hoc</span> <span class='ocrx_word' id='word_1_233' title='bbox 1044 3205 1101 3253; x_wconf 76' lang='lat' dir='ltr'>mili</span> <span class='ocrx_word' id='word_1_234' title='bbox 1121 3222 1167 3253; x_wconf 82' lang='lat' dir='ltr'>uon</span> <span class='ocrx_word' id='word_1_235' title='bbox 1185 3208 1260 3255; x_wconf 83' lang='lat' dir='ltr'>ouium</span> <span class='ocrx_word' id='word_1_236' title='bbox 1272 3209 1350 3271; x_wconf 72' lang='lat' dir='ltr'>flore.</span> 
     </span>
     <span class='ocr_line' id='line_1_46' title="bbox 849 3277 1349 3348; baseline 0.004 -22"><span class='ocrx_word' id='word_1_237' title='bbox 849 3278 906 3328; x_wconf 85' lang='lat' dir='ltr'>Nou</span> <span class='ocrx_word' id='word_1_238' title='bbox 913 3277 1020 3327; x_wconf 84' lang='lat' dir='ltr'>divinavi</span> <span class='ocrx_word' id='word_1_239' title='bbox 1027 3278 1089 3334; x_wconf 75' lang='lat' dir='ltr'>hoc,</span> <span class='ocrx_word' id='word_1_240' title='bbox 1097 3286 1212 3344; x_wconf 80' lang='lat' dir='ltr'>tauquam</span> <span class='ocrx_word' id='word_1_241' title='bbox 1222 3278 1349 3348; x_wconf 53' lang='lat' dir='ltr'>haruspex,</span> 
     </span>
     <span class='ocr_line' id='line_1_47' title="bbox 848 3351 1349 3420; baseline 0.006 -19"><span class='ocrx_word' id='word_1_242' title='bbox 848 3368 878 3401; x_wconf 83' lang='lat' dir='ltr'>ex</span> <span class='ocrx_word' id='word_1_243' title='bbox 892 3351 1031 3401; x_wconf 74' lang='lat' dir='ltr'>animalium</span> <span class='ocrx_word' id='word_1_244' title='bbox 1046 3352 1121 3402; x_wconf 78' lang='lat' dir='ltr'>extis:</span> <span class='ocrx_word' id='word_1_245' title='bbox 1143 3352 1199 3402; x_wconf 80' lang='lat' dir='ltr'>iude</span> <span class='ocrx_word' id='word_1_246' title='bbox 1214 3354 1349 3420; x_wconf 79' lang='lat' dir='ltr'>extispices,</span> 
     </span>
     <span class='ocr_line' id='line_1_48' title="bbox 847 3425 1349 3494; baseline 0.006 -17"><span class='ocrx_word' id='word_1_247' title='bbox 847 3426 1007 3494; x_wconf 75' lang='lat' dir='ltr'>extispicium.</span> <span class='ocrx_word' id='word_1_248' title='bbox 1033 3425 1271 3477; x_wconf 77' lang='lat' dir='ltr'>Touitmooriuiotri.</span> <span class='ocrx_word' id='word_1_249' title='bbox 1302 3430 1349 3480; x_wconf 93' lang='lat' dir='ltr'>Di·</span> 
     </span>
     <span class='ocr_line' id='line_1_49' title="bbox 848 3498 1348 3566; baseline 0.008 -16"><span class='ocrx_word' id='word_1_250' title='bbox 848 3499 965 3550; x_wconf 79' lang='lat' dir='ltr'>vinabant</span> <span class='ocrx_word' id='word_1_251' title='bbox 978 3498 1051 3550; x_wconf 76' lang='lat' dir='ltr'>etiam</span> <span class='ocrx_word' id='word_1_252' title='bbox 1066 3516 1109 3565; x_wconf 85' lang='lat' dir='ltr'>per</span> <span class='ocrx_word' id='word_1_253' title='bbox 1122 3499 1224 3564; x_wconf 75' lang='lat' dir='ltr'>fulgura,</span> <span class='ocrx_word' id='word_1_254' title='bbox 1234 3517 1288 3566; x_wconf 80' lang='lat' dir='ltr'>quor</span> <span class='ocrx_word' id='word_1_255' title='bbox 1305 3506 1348 3554; x_wconf 90' lang='lat' dir='ltr'>ob·</span> 
     </span>
     <span class='ocr_line' id='line_1_50' title="bbox 849 3573 1349 3642; baseline 0.008 -19"><span class='ocrx_word' id='word_1_256' title='bbox 849 3575 985 3624; x_wconf 66' lang='lat' dir='ltr'>sonabant.</span> <span class='ocrx_word' id='word_1_257' title='bbox 1000 3573 1073 3622; x_wconf 78' lang='lat' dir='ltr'>ano</span> <span class='ocrx_word' id='word_1_258' title='bbox 1079 3573 1188 3636; x_wconf 80' lang='lat' dir='ltr'>(auctore</span> <span class='ocrx_word' id='word_1_259' title='bbox 1196 3574 1288 3637; x_wconf 87' lang='lat' dir='ltr'>Plinio)</span> <span class='ocrx_word' id='word_1_260' title='bbox 1295 3594 1349 3642; x_wconf 82' lang='lat' dir='ltr'>pro·</span> 
     </span>
     <span class='ocr_line' id='line_1_51' title="bbox 849 3646 1350 3714; baseline 0.008 -18"><span class='ocrx_word' id='word_1_261' title='bbox 849 3662 919 3714; x_wconf 77' lang='lat' dir='ltr'>opera</span> <span class='ocrx_word' id='word_1_262' title='bbox 935 3646 1139 3703; x_wconf 76' lang='lat' dir='ltr'>existimabantur,</span> <span class='ocrx_word' id='word_1_263' title='bbox 1157 3646 1268 3711; x_wconf 83' lang='lat' dir='ltr'>quoniam</span> <span class='ocrx_word' id='word_1_264' title='bbox 1288 3649 1350 3700; x_wconf 79' lang='lat' dir='ltr'>lmvo</span> 
     </span>
     <span class='ocr_line' id='line_1_52' title="bbox 848 3719 1350 3788; baseline 0.006 -18"><span class='ocrx_word' id='word_1_265' title='bbox 848 3730 917 3788; x_wconf 81' lang='lat' dir='ltr'>parte</span> <span class='ocrx_word' id='word_1_266' title='bbox 926 3719 1011 3769; x_wconf 88' lang='lat' dir='ltr'>mundi</span> <span class='ocrx_word' id='word_1_267' title='bbox 1020 3728 1085 3769; x_wconf 80' lang='lat' dir='ltr'>ortus</span> <span class='ocrx_word' id='word_1_268' title='bbox 1093 3729 1141 3768; x_wconf 84' lang='lat' dir='ltr'>est:</span> <span class='ocrx_word' id='word_1_269' title='bbox 1158 3729 1270 3785; x_wconf 80' lang='lat' dir='ltr'>tumquar</span> <span class='ocrx_word' id='word_1_270' title='bbox 1282 3722 1350 3773; x_wconf 81' lang='lat' dir='ltr'>nobis</span> 
     </span>
     <span class='ocr_line' id='line_1_53' title="bbox 849 3793 1350 3859; baseline 0.004 -15"><span class='ocrx_word' id='word_1_271' title='bbox 849 3793 1350 3859; x_wconf 76' lang='lat' dir='ltr'>sinistrasunt,eaSuperirdextrademitti</span> 
     </span>
     <span class='ocr_line' id='line_1_54' title="bbox 849 3866 1351 3937; baseline 0.008 -20"><span class='ocrx_word' id='word_1_272' title='bbox 849 3869 994 3928; x_wconf 79' lang='lat' dir='ltr'>creduntur3</span> <span class='ocrx_word' id='word_1_273' title='bbox 1022 3866 1077 3916; x_wconf 80' lang='lat' dir='ltr'>vide</span> <span class='ocrx_word' id='word_1_274' title='bbox 1098 3866 1220 3937; x_wconf 70' lang='lat' dir='ltr'>Plutnrclr.</span> <span class='ocrx_word' id='word_1_275' title='bbox 1258 3868 1351 3927; x_wconf 76' lang='lat' dir='ltr'>Qunst.</span> 
     </span>
     <span class='ocr_line' id='line_1_55' title="bbox 849 3941 1378 3999; baseline -0.006 -7"><span class='ocrx_word' id='word_1_276' title='bbox 849 3958 908 3992; x_wconf 83' lang='lat' dir='ltr'>rom.</span> <span class='ocrx_word' id='word_1_277' title='bbox 919 3944 959 3992; x_wconf 90' lang='grc'>78.</span> <span class='ocrx_word' id='word_1_278' title='bbox 981 3941 1071 3999; x_wconf 61' lang='lat' dir='ltr'>‚Poro</span> <span class='ocrx_word' id='word_1_279' title='bbox 1373 3982 1378 3989; x_wconf 73' lang='grc'><strong>,</strong></span> 
     </span>
    </p>

    <p class='ocr_par' dir='ltr' id='par_1_19' title="bbox 848 4014 1352 4381">
     <span class='ocr_line' id='line_1_56' title="bbox 881 4014 1348 4082; baseline 0.011 -18"><span class='ocrx_word' id='word_1_280' title='bbox 881 4017 923 4075; x_wconf 68' lang='grc'>60.</span> <span class='ocrx_word' id='word_1_281' title='bbox 940 4015 1082 4082; x_wconf 62' lang='lat' dir='ltr'>Linguam]</span> <span class='ocrx_word' id='word_1_282' title='bbox 1104 4014 1151 4063; x_wconf 83' lang='lat' dir='ltr'>Per</span> <span class='ocrx_word' id='word_1_283' title='bbox 1163 4014 1271 4079; x_wconf 80' lang='lat' dir='ltr'>lingnam</span> <span class='ocrx_word' id='word_1_284' title='bbox 1287 4018 1348 4077; x_wconf 80' lang='lat' dir='ltr'>ovis,</span> 
     </span>
     <span class='ocr_line' id='line_1_57' title="bbox 849 4089 1351 4156; baseline 0.002 -14"><span class='ocrx_word' id='word_1_285' title='bbox 849 4091 957 4156; x_wconf 77' lang='lat' dir='ltr'>intellige</span> <span class='ocrx_word' id='word_1_286' title='bbox 967 4090 1068 4148; x_wconf 81' lang='lat' dir='ltr'>oscines,</span> <span class='ocrx_word' id='word_1_287' title='bbox 1075 4089 1100 4139; x_wconf 87' lang='lat' dir='ltr'>id</span> <span class='ocrx_word' id='word_1_288' title='bbox 1110 4097 1154 4147; x_wconf 76' lang='lat' dir='ltr'>ort,</span> <span class='ocrx_word' id='word_1_289' title='bbox 1164 4106 1280 4155; x_wconf 80' lang='lat' dir='ltr'>avesquae</span> <span class='ocrx_word' id='word_1_290' title='bbox 1291 4110 1351 4143; x_wconf 84' lang='lat' dir='ltr'>voco</span> 
     </span>
     <span class='ocr_line' id='line_1_58' title="bbox 848 4164 1351 4231; baseline -0.002 -15"><span class='ocrx_word' id='word_1_291' title='bbox 848 4182 974 4231; x_wconf 76' lang='lat' dir='ltr'>ougunum</span> <span class='ocrx_word' id='word_1_292' title='bbox 983 4164 1092 4223; x_wconf 82' lang='lat' dir='ltr'>iaciunt</span> <span class='ocrx_word' id='word_1_293' title='bbox 1108 4180 1258 4229; x_wconf 76' lang='lat' dir='ltr'>perpennam</span> <span class='ocrx_word' id='word_1_294' title='bbox 1270 4174 1351 4215; x_wconf 83' lang='lat' dir='ltr'>autem</span> 
     </span>
     <span class='ocr_line' id='line_1_59' title="bbox 848 4238 1352 4325; baseline -0.004 -36"><span class='ocrx_word' id='word_1_295' title='bbox 848 4240 958 4325; x_wconf 75' lang='lat' dir='ltr'>designat</span> <span class='ocrx_word' id='word_1_296' title='bbox 967 4250 1083 4304; x_wconf 73' lang='lat' dir='ltr'>preparet,</span> <span class='ocrx_word' id='word_1_297' title='bbox 1094 4255 1148 4304; x_wconf 77' lang='lat' dir='ltr'>qma</span> <span class='ocrx_word' id='word_1_298' title='bbox 1161 4239 1243 4288; x_wconf 84' lang='lat' dir='ltr'>volatu</span> <span class='ocrx_word' id='word_1_299' title='bbox 1259 4238 1352 4290; x_wconf 74' lang='lat' dir='ltr'>dabant</span> 
     </span>
     <span class='ocr_line' id='line_1_60' title="bbox 849 4315 1060 4381; baseline -0.005 -17"><span class='ocrx_word' id='word_1_300' title='bbox 849 4315 956 4381; x_wconf 75' lang='lat' dir='ltr'>auguria.</span> <span class='ocrx_word' id='word_1_301' title='bbox 988 4316 1060 4364; x_wconf 77' lang='lat' dir='ltr'>Man.</span> 
     </span>
    </p>

    <p class='ocr_par' dir='ltr' id='par_1_20' title="bbox 881 4383 1352 4450">
     <span class='ocr_line' id='line_1_61' title="bbox 881 4383 1352 4450; baseline -0.015 -12"><span class='ocrx_word' id='word_1_302' title='bbox 881 4390 922 4438; x_wconf 76' lang='lat'>56.</span> <span class='ocrx_word' id='word_1_303' title='bbox 938 4389 1027 4438; x_wconf 73' lang='lat' dir='ltr'>Studiis</span> <span class='ocrx_word' id='word_1_304' title='bbox 1035 4386 1110 4449; x_wconf 62' lang='lat' dir='ltr'>mem]</span> <span class='ocrx_word' id='word_1_305' title='bbox 1127 4383 1352 4450; x_wconf 79' lang='lat' dir='ltr'>Studiomrouorip-</span> 
     </span>
    </p>
   </div>
   <div class='ocr_carea' id='block_1_11' title="bbox 849 4459 1352 4587">
    <p class='ocr_par' dir='ltr' id='par_1_21' title="bbox 849 4459 1352 4587">
     <span class='ocr_line' id='line_1_62' title="bbox 849 4459 1352 4524; baseline -0.006 -13"><span class='ocrx_word' id='word_1_306' title='bbox 849 4461 877 4511; x_wconf 88' lang='lat' dir='ltr'>ti.</span> <span class='ocrx_word' id='word_1_307' title='bbox 897 4463 989 4514; x_wconf 69' lang='lat' dir='ltr'>Hunis.</span> <span class='ocrx_word' id='word_1_308' title='bbox 1015 4461 1115 4512; x_wconf 69' lang='lat' dir='ltr'>Lam</span> <span class='ocrx_word' id='word_1_309' title='bbox 1147 4460 1283 4511; x_wconf 68' lang='lat' dir='ltr'>nmmo</span> <span class='ocrx_word' id='word_1_310' title='bbox 1300 4459 1352 4524; x_wconf 68' lang='lat' dir='ltr'>glo-</span> 
     </span>
     <span class='ocr_line' id='line_1_63' title="bbox 849 4535 1306 4587; baseline 0.002 -1"><span class='ocrx_word' id='word_1_311' title='bbox 849 4535 917 4586; x_wconf 76' lang='lat' dir='ltr'>riam.</span> <span class='ocrx_word' id='word_1_312' title='bbox 1301 4580 1306 4587; x_wconf 90' lang='lat'>.</span> 
     </span>
    </p>
   </div>
   <div class='ocr_carea' id='block_1_12' title="bbox 334 4607 911 4674">
    <p class='ocr_par' dir='ltr' id='par_1_22' title="bbox 334 4607 911 4674">
     <span class='ocr_line' id='line_1_64' title="bbox 334 4607 911 4674; baseline -0.003 -14"><span class='ocrx_word' id='word_1_313' title='bbox 334 4610 376 4660; x_wconf 91' lang='grc'>48.</span> <span class='ocrx_word' id='word_1_314' title='bbox 391 4607 799 4674; x_wconf 66' lang='grc' dir='ltr'>δωιοιιωκὼτω.]1)οωίεῑι</span> <span class='ocrx_word' id='word_1_315' title='bbox 908 4637 911 4643; x_wconf 80' lang='lat'><em>‚</em></span> 
     </span>
    </p>
   </div>
   <div class='ocr_carea' id='block_1_13' title="bbox 0 0 1816 5967">
    <p class='ocr_par' dir='ltr' id='par_1_23' title="bbox 0 0 1816 5967">
     <span class='ocr_line' id='line_1_65' title="bbox 0 0 1816 5967; baseline 0 0"><span class='ocrx_word' id='word_1_316' title='bbox 0 0 1816 5967; x_wconf 95' lang='lat' dir='ltr'> </span> 
     </span>
    </p>
   </div>
  </div>
 </body>
</html>
