<?xml version="1.0" encoding="UTF-8"?>
<!DOCTYPE html PUBLIC "-//W3C//DTD XHTML 1.0 Transitional//EN"
    "http://www.w3.org/TR/xhtml1/DTD/xhtml1-transitional.dtd">
<html xmlns="http://www.w3.org/1999/xhtml" xml:lang="en" lang="en">
 <head>
  <title>
</title>
<meta http-equiv="Content-Type" content="text/html;charset=utf-8" />
  <meta name='ocr-system' content='tesseract 3.04.00' />
  <meta name='ocr-capabilities' content='ocr_page ocr_carea ocr_par ocr_line ocrx_word'/>
</head>
<body>
  <div class='ocr_page' id='page_1' title='image "./opera02giergoog_0352.png"; bbox 0 0 3609 5967; ppageno 0'>
   <div class='ocr_carea' id='block_1_1' title="bbox 517 777 1280 846">
    <p class='ocr_par' dir='ltr' id='par_1_1' title="bbox 517 777 1280 846">
     <span class='ocr_line' id='line_1_1' title="bbox 517 777 1280 846; baseline 0 0"><span class='ocrx_word' id='word_1_1' title='bbox 517 779 586 846; x_wconf 81' lang='grc'><strong>346</strong></span> <span class='ocrx_word' id='word_1_2' title='bbox 817 780 855 844; x_wconf 91' lang='grc' dir='ltr'><strong>Ρ.</strong></span> <span class='ocrx_word' id='word_1_3' title='bbox 879 777 1042 845; x_wconf 90' lang='lat' dir='ltr'>OVIDII</span> <span class='ocrx_word' id='word_1_4' title='bbox 1068 778 1280 846; x_wconf 81' lang='lat' dir='ltr'><strong>NASONIS</strong></span> 
     </span>
    </p>
   </div>
   <div class='ocr_carea' id='block_1_2' title="bbox 518 953 1565 2796">
    <p class='ocr_par' dir='ltr' id='par_1_2' title="bbox 518 953 1565 2796">
     <span class='ocr_line' id='line_1_2' title="bbox 521 953 1502 1047; baseline 0.003 -17"><span class='ocrx_word' id='word_1_5' title='bbox 521 957 649 1042; x_wconf 85' lang='lat' dir='ltr'><strong>Quum</strong></span> <span class='ocrx_word' id='word_1_6' title='bbox 668 955 774 1028; x_wconf 91' lang='lat' dir='ltr'><strong>Deus</strong></span> <span class='ocrx_word' id='word_1_7' title='bbox 793 953 967 1040; x_wconf 87' lang='lat' dir='ltr'><strong>intonuit,</strong></span> <span class='ocrx_word' id='word_1_8' title='bbox 985 977 1059 1029; x_wconf 92' lang='lat' dir='ltr'><strong>non</strong></span> <span class='ocrx_word' id='word_1_9' title='bbox 1074 977 1116 1026; x_wconf 86' lang='lat' dir='ltr'><strong>se</strong></span> <span class='ocrx_word' id='word_1_10' title='bbox 1129 955 1343 1032; x_wconf 88' lang='lat' dir='ltr'><strong>subducere</strong></span> <span class='ocrx_word' id='word_1_11' title='bbox 1361 957 1502 1047; x_wconf 89' lang='lat' dir='ltr'>nimbo,</span> 
     </span>
     <span class='ocr_line' id='line_1_3' title="bbox 572 1069 1305 1169; baseline -0.001 -23"><span class='ocrx_word' id='word_1_12' title='bbox 572 1073 618 1146; x_wconf 95' lang='lat' dir='ltr'><strong>ld</strong></span> <span class='ocrx_word' id='word_1_13' title='bbox 635 1073 790 1146; x_wconf 90' lang='lat' dir='ltr'><strong>demum</strong></span> <span class='ocrx_word' id='word_1_14' title='bbox 808 1070 942 1169; x_wconf 86' lang='lat' dir='ltr'><strong>pietas,</strong></span> <span class='ocrx_word' id='word_1_15' title='bbox 961 1069 1000 1144; x_wconf 90' lang='lat' dir='ltr'><strong>id</strong></span> <span class='ocrx_word' id='word_1_16' title='bbox 1019 1069 1169 1144; x_wconf 90' lang='lat' dir='ltr'><strong>socialis</strong></span> <span class='ocrx_word' id='word_1_17' title='bbox 1187 1095 1305 1146; x_wconf 89' lang='lat' dir='ltr'><strong>amor.</strong></span> 
     </span>
     <span class='ocr_line' id='line_1_4' title="bbox 522 1186 1548 1286; baseline 0.002 -24"><span class='ocrx_word' id='word_1_18' title='bbox 522 1189 624 1264; x_wconf 88' lang='lat' dir='ltr'><strong>Rara</strong></span> <span class='ocrx_word' id='word_1_19' title='bbox 636 1187 790 1285; x_wconf 91' lang='lat' dir='ltr'><strong>quidem</strong></span> <span class='ocrx_word' id='word_1_20' title='bbox 804 1186 935 1272; x_wconf 80' lang='lat' dir='ltr'><strong>virtue,</strong></span> <span class='ocrx_word' id='word_1_21' title='bbox 951 1209 1066 1282; x_wconf 88' lang='lat' dir='ltr'><strong>quam</strong></span> <span class='ocrx_word' id='word_1_22' title='bbox 1084 1207 1159 1260; x_wconf 91' lang='lat' dir='ltr'><strong>non</strong></span> <span class='ocrx_word' id='word_1_23' title='bbox 1177 1186 1327 1262; x_wconf 81' lang='lat' dir='ltr'><strong>fortuna</strong></span> <span class='ocrx_word' id='word_1_24' title='bbox 1344 1193 1548 1286; x_wconf 83' lang='lat' dir='ltr'><strong>gubemet3</strong></span> 
     </span>
     <span class='ocr_line' id='line_1_5' title="bbox 570 1301 1565 1405; baseline 0.005 -28"><span class='ocrx_word' id='word_1_25' title='bbox 570 1303 666 1390; x_wconf 80' lang='lat' dir='ltr'><strong>Quae</strong></span> <span class='ocrx_word' id='word_1_26' title='bbox 683 1312 836 1377; x_wconf 87' lang='lat' dir='ltr'><strong>maneat</strong></span> <span class='ocrx_word' id='word_1_27' title='bbox 852 1301 993 1388; x_wconf 89' lang='lat' dir='ltr'><strong>stabili,</strong></span> <span class='ocrx_word' id='word_1_28' title='bbox 1013 1326 1131 1400; x_wconf 89' lang='lat' dir='ltr'><strong>quum</strong></span> <span class='ocrx_word' id='word_1_29' title='bbox 1149 1301 1244 1400; x_wconf 81' lang='lat' dir='ltr'><strong>sugit</strong></span> <span class='ocrx_word' id='word_1_30' title='bbox 1261 1305 1337 1394; x_wconf 90' lang='lat' dir='ltr'><strong>illa,</strong></span> <span class='ocrx_word' id='word_1_31' title='bbox 1357 1308 1476 1405; x_wconf 90' lang='lat' dir='ltr'><strong>pede:</strong></span> <span class='ocrx_word' id='word_1_32' title='bbox 1518 1313 1565 1382; x_wconf 88' lang='lat'><strong>30</strong></span> 
     </span>
     <span class='ocr_line' id='line_1_6' title="bbox 521 1417 1429 1520; baseline 0.002 -26"><span class='ocrx_word' id='word_1_33' title='bbox 521 1421 563 1494; x_wconf 89' lang='lat' dir='ltr'><strong>Si</strong></span> <span class='ocrx_word' id='word_1_34' title='bbox 581 1444 658 1518; x_wconf 92' lang='lat' dir='ltr'><strong>qua</strong></span> <span class='ocrx_word' id='word_1_35' title='bbox 674 1431 802 1493; x_wconf 88' lang='lat' dir='ltr'><strong>tamen</strong></span> <span class='ocrx_word' id='word_1_36' title='bbox 821 1418 932 1516; x_wconf 90' lang='lat' dir='ltr'><strong>pretii</strong></span> <span class='ocrx_word' id='word_1_37' title='bbox 951 1417 1023 1491; x_wconf 87' lang='lat' dir='ltr'><strong>sibi</strong></span> <span class='ocrx_word' id='word_1_38' title='bbox 1041 1443 1187 1494; x_wconf 90' lang='lat' dir='ltr'><strong>merces</strong></span> <span class='ocrx_word' id='word_1_39' title='bbox 1206 1422 1291 1519; x_wconf 92' lang='lat' dir='ltr'><strong>ipsa</strong></span> <span class='ocrx_word' id='word_1_40' title='bbox 1307 1423 1429 1520; x_wconf 92' lang='lat' dir='ltr'><strong>petiti,</strong></span> 
     </span>
     <span class='ocr_line' id='line_1_7' title="bbox 570 1535 1371 1635; baseline 0.001 -25"><span class='ocrx_word' id='word_1_41' title='bbox 570 1537 693 1635; x_wconf 88' lang='lat' dir='ltr'><strong>Inque</strong></span> <span class='ocrx_word' id='word_1_42' title='bbox 710 1558 844 1634; x_wconf 89' lang='lat' dir='ltr'><strong>parum</strong></span> <span class='ocrx_word' id='word_1_43' title='bbox 861 1535 957 1608; x_wconf 88' lang='lat' dir='ltr'><strong>laetis</strong></span> <span class='ocrx_word' id='word_1_44' title='bbox 975 1536 1092 1610; x_wconf 89' lang='lat' dir='ltr'><strong>ardua</strong></span> <span class='ocrx_word' id='word_1_45' title='bbox 1110 1537 1223 1610; x_wconf 91' lang='lat' dir='ltr'><strong>rebus</strong></span> <span class='ocrx_word' id='word_1_46' title='bbox 1242 1539 1371 1626; x_wconf 89' lang='lat' dir='ltr'><strong>adest;</strong></span> 
     </span>
     <span class='ocr_line' id='line_1_8' title="bbox 521 1652 1488 1751; baseline 0 -23"><span class='ocrx_word' id='word_1_47' title='bbox 521 1655 575 1728; x_wconf 92' lang='lat' dir='ltr'><strong>Ut</strong></span> <span class='ocrx_word' id='word_1_48' title='bbox 590 1666 742 1751; x_wconf 91' lang='lat' dir='ltr'><strong>tempus</strong></span> <span class='ocrx_word' id='word_1_49' title='bbox 760 1673 947 1737; x_wconf 87' lang='lat' dir='ltr'><strong>numeres,</strong></span> <span class='ocrx_word' id='word_1_50' title='bbox 968 1674 1036 1748; x_wconf 91' lang='lat' dir='ltr'><strong>per</strong></span> <span class='ocrx_word' id='word_1_51' title='bbox 1053 1652 1192 1725; x_wconf 83' lang='lat' dir='ltr'><strong>saecula</strong></span> <span class='ocrx_word' id='word_1_52' title='bbox 1209 1652 1313 1726; x_wconf 88' lang='lat' dir='ltr'><strong>nulla</strong></span> <span class='ocrx_word' id='word_1_53' title='bbox 1330 1663 1488 1741; x_wconf 89' lang='lat' dir='ltr'><strong>tacetur,</strong></span> 
     </span>
     <span class='ocr_line' id='line_1_9' title="bbox 570 1766 1371 1866; baseline -0.002 -22"><span class='ocrx_word' id='word_1_54' title='bbox 570 1769 622 1844; x_wconf 93' lang='lat' dir='ltr'><strong>Et</strong></span> <span class='ocrx_word' id='word_1_55' title='bbox 637 1769 721 1842; x_wconf 87' lang='lat' dir='ltr'><strong>loca</strong></span> <span class='ocrx_word' id='word_1_56' title='bbox 737 1766 930 1853; x_wconf 88' lang='lat' dir='ltr'><strong>mirantur,</strong></span> <span class='ocrx_word' id='word_1_57' title='bbox 950 1791 1028 1864; x_wconf 91' lang='lat' dir='ltr'><strong>qua</strong></span> <span class='ocrx_word' id='word_1_58' title='bbox 1044 1777 1152 1866; x_wconf 89' lang='lat' dir='ltr'><strong>patet</strong></span> <span class='ocrx_word' id='word_1_59' title='bbox 1169 1767 1270 1841; x_wconf 90' lang='lat' dir='ltr'><strong>orbis</strong></span> <span class='ocrx_word' id='word_1_60' title='bbox 1289 1769 1371 1842; x_wconf 89' lang='lat' dir='ltr'><strong>iter.</strong></span> 
     </span>
     <span class='ocr_line' id='line_1_10' title="bbox 519 1883 1560 1985; baseline -0.001 -24"><span class='ocrx_word' id='word_1_61' title='bbox 519 1885 711 1985; x_wconf 82' lang='lat' dir='ltr'><strong>Adspicis,</strong></span> <span class='ocrx_word' id='word_1_62' title='bbox 729 1894 773 1957; x_wconf 89' lang='lat' dir='ltr'><strong>ut</strong></span> <span class='ocrx_word' id='word_1_63' title='bbox 789 1883 903 1979; x_wconf 85' lang='lat' dir='ltr'><strong>longo</strong></span> <span class='ocrx_word' id='word_1_64' title='bbox 919 1895 1072 1958; x_wconf 88' lang='lat' dir='ltr'><strong>maneat</strong></span> <span class='ocrx_word' id='word_1_65' title='bbox 1088 1883 1288 1958; x_wconf 89' lang='lat' dir='ltr'><strong>laudabilis</strong></span> <span class='ocrx_word' id='word_1_66' title='bbox 1306 1909 1398 1972; x_wconf 85' lang='lat' dir='ltr'><strong>aevo,</strong></span> <span class='ocrx_word' id='word_1_67' title='bbox 1515 1891 1560 1960; x_wconf 83' lang='grc'><strong>35</strong></span> 
     </span>
     <span class='ocr_line' id='line_1_11' title="bbox 569 1998 1406 2098; baseline 0 -24"><span class='ocrx_word' id='word_1_68' title='bbox 569 2001 720 2074; x_wconf 89' lang='lat' dir='ltr'><strong>Nomen</strong></span> <span class='ocrx_word' id='word_1_69' title='bbox 737 1999 1020 2085; x_wconf 86' lang='lat' dir='ltr'><strong>inexstinctum,</strong></span> <span class='ocrx_word' id='word_1_70' title='bbox 1041 1998 1271 2098; x_wconf 86' lang='lat' dir='ltr'><strong>Penelopaea</strong></span> <span class='ocrx_word' id='word_1_71' title='bbox 1286 1999 1406 2074; x_wconf 70' lang='lat' dir='ltr'><strong>fides?</strong></span> 
     </span>
     <span class='ocr_line' id='line_1_12' title="bbox 520 2113 1480 2204; baseline -0.001 -13"><span class='ocrx_word' id='word_1_72' title='bbox 520 2117 667 2204; x_wconf 84' lang='lat' dir='ltr'><strong>Cernis,</strong></span> <span class='ocrx_word' id='word_1_73' title='bbox 681 2126 725 2190; x_wconf 91' lang='lat' dir='ltr'><strong>ut</strong></span> <span class='ocrx_word' id='word_1_74' title='bbox 741 2114 896 2189; x_wconf 87' lang='lat' dir='ltr'><strong>Admeti</strong></span> <span class='ocrx_word' id='word_1_75' title='bbox 914 2125 1099 2202; x_wconf 89' lang='lat' dir='ltr'><strong>cantetur,</strong></span> <span class='ocrx_word' id='word_1_76' title='bbox 1115 2125 1159 2188; x_wconf 89' lang='lat' dir='ltr'><strong>ut</strong></span> <span class='ocrx_word' id='word_1_77' title='bbox 1176 2113 1354 2190; x_wconf 83' lang='lat' dir='ltr'><strong>Hectoris</strong></span> <span class='ocrx_word' id='word_1_78' title='bbox 1373 2141 1480 2204; x_wconf 85' lang='lat' dir='ltr'><strong>uxor,</strong></span> 
     </span>
     <span class='ocr_line' id='line_1_13' title="bbox 567 2230 1382 2331; baseline -0.001 -24"><span class='ocrx_word' id='word_1_79' title='bbox 567 2234 749 2331; x_wconf 82' lang='lat' dir='ltr'><strong>Ansaque</strong></span> <span class='ocrx_word' id='word_1_80' title='bbox 766 2231 806 2306; x_wconf 92' lang='lat' dir='ltr'><strong>in</strong></span> <span class='ocrx_word' id='word_1_81' title='bbox 823 2255 1005 2307; x_wconf 89' lang='lat' dir='ltr'><strong>accensos</strong></span> <span class='ocrx_word' id='word_1_82' title='bbox 1024 2230 1154 2330; x_wconf 86' lang='lat' dir='ltr'><strong>Iphias</strong></span> <span class='ocrx_word' id='word_1_83' title='bbox 1172 2232 1226 2306; x_wconf 90' lang='lat' dir='ltr'><strong>ire</strong></span> <span class='ocrx_word' id='word_1_84' title='bbox 1245 2234 1382 2329; x_wconf 79' lang='lat' dir='ltr'><strong>rogos?</strong></span> 
     </span>
     <span class='ocr_line' id='line_1_14' title="bbox 518 2347 1330 2448; baseline -0.005 -22"><span class='ocrx_word' id='word_1_85' title='bbox 518 2352 574 2426; x_wconf 88' lang='lat' dir='ltr'><strong>Ut</strong></span> <span class='ocrx_word' id='word_1_86' title='bbox 589 2350 689 2424; x_wconf 84' lang='lat' dir='ltr'><strong>vivat</strong></span> <span class='ocrx_word' id='word_1_87' title='bbox 705 2347 805 2422; x_wconf 85' lang='lat' dir='ltr'><strong>sarna</strong></span> <span class='ocrx_word' id='word_1_88' title='bbox 822 2351 962 2448; x_wconf 89' lang='lat' dir='ltr'><strong>conjux</strong></span> <span class='ocrx_word' id='word_1_89' title='bbox 981 2347 1201 2447; x_wconf 84' lang='lat' dir='ltr'><strong>Phylaceia,</strong></span> <span class='ocrx_word' id='word_1_90' title='bbox 1221 2351 1330 2445; x_wconf 89' lang='lat' dir='ltr'><strong>cujus</strong></span> 
     </span>
     <span class='ocr_line' id='line_1_15' title="bbox 567 2465 1560 2564; baseline 0 -24"><span class='ocrx_word' id='word_1_91' title='bbox 567 2466 723 2541; x_wconf 83' lang='lat' dir='ltr'><strong>Iliacam</strong></span> <span class='ocrx_word' id='word_1_92' title='bbox 740 2465 855 2540; x_wconf 89' lang='lat' dir='ltr'><strong>celeri</strong></span> <span class='ocrx_word' id='word_1_93' title='bbox 871 2466 927 2538; x_wconf 91' lang='lat' dir='ltr'><strong>vir</strong></span> <span class='ocrx_word' id='word_1_94' title='bbox 945 2466 1042 2564; x_wconf 91' lang='lat' dir='ltr'><strong>pede</strong></span> <span class='ocrx_word' id='word_1_95' title='bbox 1060 2465 1198 2564; x_wconf 83' lang='lat' dir='ltr'><strong>pressit</strong></span> <span class='ocrx_word' id='word_1_96' title='bbox 1215 2465 1397 2538; x_wconf 70' lang='lat' dir='ltr'><strong>humum?</strong></span> <span class='ocrx_word' id='word_1_97' title='bbox 1513 2471 1560 2540; x_wconf 81' lang='lat' dir='ltr'><strong>to</strong></span> 
     </span>
     <span class='ocr_line' id='line_1_16' title="bbox 518 2581 1469 2682; baseline -0.001 -24"><span class='ocrx_word' id='word_1_98' title='bbox 518 2583 583 2659; x_wconf 86' lang='lat' dir='ltr'><strong>Nil</strong></span> <span class='ocrx_word' id='word_1_99' title='bbox 601 2607 697 2682; x_wconf 89' lang='lat' dir='ltr'><strong>opus</strong></span> <span class='ocrx_word' id='word_1_100' title='bbox 715 2591 775 2656; x_wconf 90' lang='lat' dir='ltr'><strong>est</strong></span> <span class='ocrx_word' id='word_1_101' title='bbox 792 2581 867 2656; x_wconf 90' lang='lat' dir='ltr'><strong>leto</strong></span> <span class='ocrx_word' id='word_1_102' title='bbox 885 2606 953 2680; x_wconf 90' lang='lat' dir='ltr'><strong>pro</strong></span> <span class='ocrx_word' id='word_1_103' title='bbox 971 2605 1044 2669; x_wconf 91' lang='lat' dir='ltr'><strong>me,</strong></span> <span class='ocrx_word' id='word_1_104' title='bbox 1061 2581 1129 2655; x_wconf 88' lang='lat' dir='ltr'><strong>sed</strong></span> <span class='ocrx_word' id='word_1_105' title='bbox 1147 2604 1272 2654; x_wconf 88' lang='lat' dir='ltr'><strong>amore</strong></span> <span class='ocrx_word' id='word_1_106' title='bbox 1290 2581 1469 2680; x_wconf 89' lang='lat' dir='ltr'><strong>fideque:</strong></span> 
     </span>
     <span class='ocr_line' id='line_1_17' title="bbox 568 2695 1362 2796; baseline -0.005 -23"><span class='ocrx_word' id='word_1_107' title='bbox 568 2700 656 2773; x_wconf 92' lang='lat' dir='ltr'><strong>Non</strong></span> <span class='ocrx_word' id='word_1_108' title='bbox 674 2723 723 2772; x_wconf 84' lang='lat' dir='ltr'><strong>ex</strong></span> <span class='ocrx_word' id='word_1_109' title='bbox 740 2697 882 2771; x_wconf 89' lang='lat' dir='ltr'><strong>difficili</strong></span> <span class='ocrx_word' id='word_1_110' title='bbox 901 2697 1001 2772; x_wconf 85' lang='lat' dir='ltr'><strong>lama</strong></span> <span class='ocrx_word' id='word_1_111' title='bbox 1018 2696 1184 2796; x_wconf 89' lang='lat' dir='ltr'><strong>petenda</strong></span> <span class='ocrx_word' id='word_1_112' title='bbox 1200 2695 1269 2770; x_wconf 88' lang='lat' dir='ltr'><strong>tibi</strong></span> <span class='ocrx_word' id='word_1_113' title='bbox 1289 2707 1362 2770; x_wconf 89' lang='lat' dir='ltr'><strong>est.</strong></span> 
     </span>
    </p>
   </div>
   <div class='ocr_carea' id='block_1_3' title="bbox 510 2987 1557 4684">
    <p class='ocr_par' dir='ltr' id='par_1_3' title="bbox 513 2987 1557 3282">
     <span class='ocr_line' id='line_1_18' title="bbox 547 2987 1557 3058; baseline -0.008 -14"><span class='ocrx_word' id='word_1_114' title='bbox 547 2997 588 3044; x_wconf 80' lang='lat'><strong>29.</strong></span> <span class='ocrx_word' id='word_1_115' title='bbox 600 2994 742 3058; x_wconf 70' lang='lat' dir='ltr'><strong>Gubernat]</strong></span> <span class='ocrx_word' id='word_1_116' title='bbox 763 2993 880 3042; x_wconf 80' lang='lat' dir='ltr'><strong>Gahsrnst</strong></span> <span class='ocrx_word' id='word_1_117' title='bbox 894 3007 951 3041; x_wconf 87' lang='lat' dir='ltr'><strong>cunr</strong></span> <span class='ocrx_word' id='word_1_118' title='bbox 964 3007 1014 3040; x_wconf 82' lang='lat' dir='ltr'><strong>me·</strong></span> <span class='ocrx_word' id='word_1_119' title='bbox 1064 2997 1112 3038; x_wconf 83' lang='lat' dir='ltr'><strong>ster</strong></span> <span class='ocrx_word' id='word_1_120' title='bbox 1124 2989 1206 3038; x_wconf 70' lang='lat' dir='ltr'><strong>flesso</strong></span> <span class='ocrx_word' id='word_1_121' title='bbox 1212 2988 1282 3052; x_wconf 73' lang='lat' dir='ltr'><strong>fides.</strong></span> <span class='ocrx_word' id='word_1_122' title='bbox 1316 2988 1404 3036; x_wconf 81' lang='lat' dir='ltr'><strong>Ornihi</strong></span> <span class='ocrx_word' id='word_1_123' title='bbox 1417 2987 1498 3037; x_wconf 71' lang='lat' dir='ltr'><strong>tim</strong></span> <span class='ocrx_word' id='word_1_124' title='bbox 1510 3006 1557 3052; x_wconf 79' lang='lat' dir='ltr'><strong>pss-</strong></span> 
     </span>
     <span class='ocr_line' id='line_1_19' title="bbox 515 3063 1556 3126; baseline -0.005 -8"><span class='ocrx_word' id='word_1_125' title='bbox 515 3071 619 3120; x_wconf 84' lang='lat' dir='ltr'><strong>liorihus.</strong></span> <span class='ocrx_word' id='word_1_126' title='bbox 643 3068 733 3117; x_wconf 78' lang='lat' dir='ltr'><strong>hlauts.</strong></span> <span class='ocrx_word' id='word_1_127' title='bbox 771 3067 856 3123; x_wconf 73' lang='lat' dir='ltr'><strong>Quasi,</strong></span> <span class='ocrx_word' id='word_1_128' title='bbox 874 3066 921 3114; x_wconf 77' lang='lat' dir='ltr'><strong>hic.</strong></span> <span class='ocrx_word' id='word_1_129' title='bbox 938 3065 1014 3124; x_wconf 84' lang='lat' dir='ltr'><strong>Quasi</strong></span> <span class='ocrx_word' id='word_1_130' title='bbox 1065 3068 1210 3126; x_wconf 77' lang='lat' dir='ltr'><strong>sorajuneta</strong></span> <span class='ocrx_word' id='word_1_131' title='bbox 1218 3063 1279 3126; x_wconf 76' lang='lat' dir='ltr'><strong>fide.</strong></span> <span class='ocrx_word' id='word_1_132' title='bbox 1312 3063 1351 3111; x_wconf 89' lang='lat' dir='ltr'><strong>De</strong></span> <span class='ocrx_word' id='word_1_133' title='bbox 1365 3063 1413 3111; x_wconf 84' lang='lat' dir='ltr'><strong>lida</strong></span> <span class='ocrx_word' id='word_1_134' title='bbox 1426 3071 1505 3112; x_wconf 81' lang='lat' dir='ltr'><strong>autem</strong></span> <span class='ocrx_word' id='word_1_135' title='bbox 1515 3066 1556 3113; x_wconf 88' lang='lat' dir='ltr'><strong>Pe-</strong></span> 
     </span>
     <span class='ocr_line' id='line_1_20' title="bbox 513 3135 1555 3204; baseline -0.006 -12"><span class='ocrx_word' id='word_1_136' title='bbox 513 3143 593 3192; x_wconf 85' lang='lat' dir='ltr'><strong>dicat:</strong></span> <span class='ocrx_word' id='word_1_137' title='bbox 613 3142 660 3190; x_wconf 83' lang='lat' dir='ltr'><strong>rari</strong></span> <span class='ocrx_word' id='word_1_138' title='bbox 675 3148 740 3197; x_wconf 88' lang='lat' dir='ltr'><strong>sunt,</strong></span> <span class='ocrx_word' id='word_1_139' title='bbox 758 3139 800 3204; x_wconf 87' lang='lat' dir='ltr'><strong>qui</strong></span> <span class='ocrx_word' id='word_1_140' title='bbox 818 3156 865 3188; x_wconf 86' lang='lat' dir='ltr'><strong>non</strong></span> <span class='ocrx_word' id='word_1_141' title='bbox 882 3147 1015 3204; x_wconf 83' lang='lat' dir='ltr'><strong>sequantur</strong></span> <span class='ocrx_word' id='word_1_142' title='bbox 1064 3139 1170 3204; x_wconf 83' lang='lat' dir='ltr'><strong>nelopes,</strong></span> <span class='ocrx_word' id='word_1_143' title='bbox 1181 3137 1254 3186; x_wconf 83' lang='lat' dir='ltr'><strong>Hom.</strong></span> <span class='ocrx_word' id='word_1_144' title='bbox 1265 3135 1429 3200; x_wconf 76' lang='lat' dir='ltr'><strong>Odyssxviii.</strong></span> <span class='ocrx_word' id='word_1_145' title='bbox 1441 3139 1555 3187; x_wconf 62' lang='lat' dir='ltr'><strong>conith:</strong></span> 
     </span>
     <span class='ocr_line' id='line_1_21' title="bbox 513 3209 1556 3282; baseline -0.005 -15"><span class='ocrx_word' id='word_1_146' title='bbox 513 3219 631 3267; x_wconf 71' lang='lat' dir='ltr'><strong>sedunam</strong></span> <span class='ocrx_word' id='word_1_147' title='bbox 641 3215 804 3282; x_wconf 82' lang='lat' dir='ltr'><strong>potiusquam</strong></span> <span class='ocrx_word' id='word_1_148' title='bbox 813 3213 933 3263; x_wconf 85' lang='lat' dir='ltr'><strong>virtutem.</strong></span> <span class='ocrx_word' id='word_1_149' title='bbox 1097 3212 1127 3262; x_wconf 79' lang='grc' dir='ltr'><strong>Εἰ</strong></span> <span class='ocrx_word' id='word_1_150' title='bbox 1141 3211 1222 3269; x_wconf 74' lang='grc' dir='ltr'><strong><em>κεῖνός</em></strong></span> <span class='ocrx_word' id='word_1_151' title='bbox 1236 3209 1350 3276; x_wconf 73' lang='grc' dir='ltr'>γ’ἑλθῶν</span> <span class='ocrx_word' id='word_1_152' title='bbox 1366 3212 1412 3260; x_wconf 77' lang='grc' dir='ltr'><strong>τὸν</strong></span> <span class='ocrx_word' id='word_1_153' title='bbox 1428 3210 1488 3275; x_wconf 73' lang='grc' dir='ltr'><strong>ἐμὸν</strong></span> <span class='ocrx_word' id='word_1_154' title='bbox 1501 3210 1556 3274; x_wconf 72' lang='grc' dir='ltr'><strong>βίον</strong></span> 
     </span>
    </p>

    <p class='ocr_par' dir='ltr' id='par_1_4' title="bbox 512 3283 1557 3869">
     <span class='ocr_line' id='line_1_22' title="bbox 546 3283 1297 3353; baseline -0.008 -14"><span class='ocrx_word' id='word_1_155' title='bbox 546 3292 587 3340; x_wconf 87' lang='grc'><strong>31.</strong></span> <span class='ocrx_word' id='word_1_156' title='bbox 598 3291 623 3338; x_wconf 80' lang='lat' dir='ltr'><strong>Si</strong></span> <span class='ocrx_word' id='word_1_157' title='bbox 637 3308 683 3353; x_wconf 71' lang='lat' dir='ltr'><strong>qus</strong></span> <span class='ocrx_word' id='word_1_158' title='bbox 696 3286 888 3351; x_wconf 60' lang='lat' dir='ltr'><strong>tumTOarcu</strong></span> <span class='ocrx_word' id='word_1_159' title='bbox 905 3289 934 3337; x_wconf 80' lang='lat' dir='ltr'><strong>rh</strong></span> <span class='ocrx_word' id='word_1_160' title='bbox 952 3303 1013 3352; x_wconf 81' lang='lat' dir='ltr'><strong>sup·</strong></span> <span class='ocrx_word' id='word_1_161' title='bbox 1125 3283 1297 3350; x_wconf 71' lang='grc' dir='ltr'><strong>ἀμφιπολεύοι,</strong></span> 
     </span>
     <span class='ocr_line' id='line_1_23' title="bbox 514 3357 1557 3429; baseline -0.001 -18"><span class='ocrx_word' id='word_1_162' title='bbox 514 3363 587 3429; x_wconf 67' lang='grc' dir='ltr'><strong>φέρω</strong></span> <span class='ocrx_word' id='word_1_163' title='bbox 605 3363 653 3412; x_wconf 72' lang='grc' dir='ltr'><strong>ἐκεῖ</strong></span> <span class='ocrx_word' id='word_1_164' title='bbox 671 3364 712 3411; x_wconf 81' lang='lat' dir='ltr'><strong>sal</strong></span> <span class='ocrx_word' id='word_1_165' title='bbox 728 3364 759 3411; x_wconf 80' lang='lat' dir='ltr'><strong>rh</strong></span> <span class='ocrx_word' id='word_1_166' title='bbox 777 3359 887 3424; x_wconf 66' lang='grc' dir='ltr'><strong>εὐσιβίςς</strong></span> <span class='ocrx_word' id='word_1_167' title='bbox 909 3361 1014 3426; x_wconf 83' lang='lat' dir='ltr'><strong>Epictet.</strong></span> <span class='ocrx_word' id='word_1_168' title='bbox 1096 3359 1190 3416; x_wconf 82' lang='grc' dir='ltr'><strong><em>Μεῖζόν</em></strong></span> <span class='ocrx_word' id='word_1_169' title='bbox 1200 3377 1226 3408; x_wconf 74' lang='grc' dir='ltr'><strong>κε</strong></span> <span class='ocrx_word' id='word_1_170' title='bbox 1241 3357 1312 3417; x_wconf 65' lang='grc' dir='ltr'><strong>κλέος</strong></span> <span class='ocrx_word' id='word_1_171' title='bbox 1327 3359 1365 3420; x_wconf 77' lang='grc' dir='ltr'><strong>εἴη</strong></span> <span class='ocrx_word' id='word_1_172' title='bbox 1380 3358 1441 3425; x_wconf 71' lang='lat' dir='ltr'><strong>ipos</strong></span> <span class='ocrx_word' id='word_1_173' title='bbox 1451 3363 1492 3410; x_wconf 76' lang='lat' dir='ltr'><strong>sal</strong></span> <span class='ocrx_word' id='word_1_174' title='bbox 1502 3359 1557 3410; x_wconf 72' lang='lat' dir='ltr'><strong>sll-</strong></span> 
     </span>
     <span class='ocr_line' id='line_1_24' title="bbox 514 3431 1267 3500; baseline -0.007 -15"><span class='ocrx_word' id='word_1_175' title='bbox 514 3437 584 3485; x_wconf 86' lang='lat' dir='ltr'><strong>Hanc</strong></span> <span class='ocrx_word' id='word_1_176' title='bbox 599 3435 673 3484; x_wconf 84' lang='lat' dir='ltr'><strong>etiam</strong></span> <span class='ocrx_word' id='word_1_177' title='bbox 686 3433 751 3499; x_wconf 83' lang='lat' dir='ltr'><strong>apud</strong></span> <span class='ocrx_word' id='word_1_178' title='bbox 761 3434 867 3483; x_wconf 77' lang='lat' dir='ltr'><strong>&#39;lirlliutn</strong></span> <span class='ocrx_word' id='word_1_179' title='bbox 877 3433 963 3500; x_wconf 70' lang='lat' dir='ltr'><strong>sapius</strong></span> <span class='ocrx_word' id='word_1_180' title='bbox 974 3433 1012 3482; x_wconf 90' lang='lat' dir='ltr'><strong>in·</strong></span> <span class='ocrx_word' id='word_1_181' title='bbox 1127 3433 1183 3482; x_wconf 82' lang='grc' dir='ltr'><strong>λων</strong></span> <span class='ocrx_word' id='word_1_182' title='bbox 1194 3431 1267 3481; x_wconf 74' lang='grc' dir='ltr'><strong>οὕτω.</strong></span> 
     </span>
     <span class='ocr_line' id='line_1_25' title="bbox 513 3505 1556 3572; baseline -0.001 -15"><span class='ocrx_word' id='word_1_183' title='bbox 513 3510 595 3559; x_wconf 81' lang='lat' dir='ltr'><strong>venies</strong></span> <span class='ocrx_word' id='word_1_184' title='bbox 602 3506 932 3571; x_wconf 66' lang='lat' dir='ltr'><strong>aententiam‚sedgrandiore</strong></span> <span class='ocrx_word' id='word_1_185' title='bbox 941 3509 1013 3558; x_wconf 82' lang='lat' dir='ltr'><strong>verbo</strong></span> <span class='ocrx_word' id='word_1_186' title='bbox 1095 3505 1136 3554; x_wconf 84' lang='lat'><strong>³7.</strong></span> <span class='ocrx_word' id='word_1_187' title='bbox 1155 3507 1246 3554; x_wconf 78' lang='lat' dir='ltr'><strong>Admeti</strong></span> <span class='ocrx_word' id='word_1_188' title='bbox 1266 3506 1346 3570; x_wconf 67' lang='lat' dir='ltr'><strong>tason]</strong></span> <span class='ocrx_word' id='word_1_189' title='bbox 1375 3507 1454 3572; x_wconf 84' lang='lat' dir='ltr'><strong>Hujus</strong></span> <span class='ocrx_word' id='word_1_190' title='bbox 1474 3507 1556 3557; x_wconf 74' lang='lat' dir='ltr'><strong>sabula</strong></span> 
     </span>
     <span class='ocr_line' id='line_1_26' title="bbox 512 3579 1557 3650; baseline -0.002 -18"><span class='ocrx_word' id='word_1_191' title='bbox 512 3583 644 3650; x_wconf 76' lang='lat' dir='ltr'><strong>expositam</strong></span> <span class='ocrx_word' id='word_1_192' title='bbox 662 3579 694 3629; x_wconf 82' lang='lat' dir='ltr'><strong>sd</strong></span> <span class='ocrx_word' id='word_1_193' title='bbox 714 3581 786 3629; x_wconf 83' lang='lat' dir='ltr'><strong>linem</strong></span> <span class='ocrx_word' id='word_1_194' title='bbox 802 3580 943 3632; x_wconf 76' lang='lat' dir='ltr'><strong>Milonianis</strong></span> <span class='ocrx_word' id='word_1_195' title='bbox 961 3597 1013 3631; x_wconf 88' lang='lat' dir='ltr'><strong>ors-</strong></span> <span class='ocrx_word' id='word_1_196' title='bbox 1062 3580 1171 3631; x_wconf 83' lang='lat' dir='ltr'><strong>meminit</strong></span> <span class='ocrx_word' id='word_1_197' title='bbox 1186 3580 1298 3646; x_wconf 84' lang='lat' dir='ltr'><strong>Apollod.</strong></span> <span class='ocrx_word' id='word_1_198' title='bbox 1320 3581 1362 3630; x_wconf 91' lang='lat' dir='ltr'><strong>llh.</strong></span> <span class='ocrx_word' id='word_1_199' title='bbox 1376 3581 1394 3628; x_wconf 90' lang='lat' dir='ltr'><strong>i.</strong></span> <span class='ocrx_word' id='word_1_200' title='bbox 1411 3598 1460 3646; x_wconf 85' lang='lat' dir='ltr'><strong>qua</strong></span> <span class='ocrx_word' id='word_1_201' title='bbox 1476 3597 1557 3648; x_wconf 81' lang='lat' dir='ltr'><strong>nempe</strong></span> 
     </span>
     <span class='ocr_line' id='line_1_27' title="bbox 512 3652 1557 3721; baseline 0 -15"><span class='ocrx_word' id='word_1_202' title='bbox 512 3658 592 3714; x_wconf 86' lang='lat' dir='ltr'><strong>tionis,</strong></span> <span class='ocrx_word' id='word_1_203' title='bbox 606 3656 648 3705; x_wconf 87' lang='lat' dir='ltr'><strong>uhi</strong></span> <span class='ocrx_word' id='word_1_204' title='bbox 660 3661 677 3684; x_wconf 87' lang='lat'>“</span> <span class='ocrx_word' id='word_1_205' title='bbox 690 3652 763 3704; x_wconf 79' lang='lat' dir='ltr'><strong>fortes</strong></span> <span class='ocrx_word' id='word_1_206' title='bbox 776 3661 802 3703; x_wconf 87' lang='lat' dir='ltr'><strong>et</strong></span> <span class='ocrx_word' id='word_1_207' title='bbox 816 3655 938 3720; x_wconf 68' lang='lat' dir='ltr'><strong>sapiemes</strong></span> <span class='ocrx_word' id='word_1_208' title='bbox 952 3656 1012 3705; x_wconf 85' lang='lat' dir='ltr'><strong>viros</strong></span> <span class='ocrx_word' id='word_1_209' title='bbox 1062 3656 1153 3705; x_wconf 80' lang='lat' dir='ltr'><strong>ratione</strong></span> <span class='ocrx_word' id='word_1_210' title='bbox 1164 3653 1251 3721; x_wconf 81' lang='lat' dir='ltr'><strong>Apollo</strong></span> <span class='ocrx_word' id='word_1_211' title='bbox 1265 3663 1341 3704; x_wconf 86' lang='lat' dir='ltr'><strong>totum</strong></span> <span class='ocrx_word' id='word_1_212' title='bbox 1359 3669 1447 3703; x_wconf 85' lang='lat' dir='ltr'><strong>annum</strong></span> <span class='ocrx_word' id='word_1_213' title='bbox 1458 3655 1557 3706; x_wconf 82' lang='lat' dir='ltr'><strong>Admeto</strong></span> 
     </span>
     <span class='ocr_line' id='line_1_28' title="bbox 513 3727 1557 3795; baseline -0.004 -15"><span class='ocrx_word' id='word_1_214' title='bbox 513 3748 561 3780; x_wconf 87' lang='lat' dir='ltr'><strong>non</strong></span> <span class='ocrx_word' id='word_1_215' title='bbox 580 3740 628 3780; x_wconf 81' lang='lat' dir='ltr'><strong>tsm</strong></span> <span class='ocrx_word' id='word_1_216' title='bbox 647 3729 745 3795; x_wconf 71' lang='lat' dir='ltr'><strong>psoenua</strong></span> <span class='ocrx_word' id='word_1_217' title='bbox 765 3727 833 3793; x_wconf 82' lang='lat' dir='ltr'><strong>sequi</strong></span> <span class='ocrx_word' id='word_1_218' title='bbox 853 3727 929 3777; x_wconf 86' lang='lat' dir='ltr'><strong>solere</strong></span> <span class='ocrx_word' id='word_1_219' title='bbox 948 3738 1010 3778; x_wconf 83' lang='lat' dir='ltr'><strong>recte</strong></span> <span class='ocrx_word' id='word_1_220' title='bbox 1061 3728 1175 3779; x_wconf 84' lang='lat' dir='ltr'><strong>servierit.</strong></span> <span class='ocrx_word' id='word_1_221' title='bbox 1219 3728 1323 3777; x_wconf 70' lang='lat' dir='ltr'><strong>lisama</strong></span> <span class='ocrx_word' id='word_1_222' title='bbox 1345 3745 1410 3777; x_wconf 69' lang='lat' dir='ltr'><strong>uam.</strong></span> <span class='ocrx_word' id='word_1_223' title='bbox 1443 3729 1482 3778; x_wconf 87' lang='lat' dir='ltr'><strong>Sic</strong></span> <span class='ocrx_word' id='word_1_224' title='bbox 1508 3729 1557 3795; x_wconf 80' lang='lat' dir='ltr'><strong>ipsa</strong></span> 
     </span>
     <span class='ocr_line' id='line_1_29' title="bbox 513 3801 1353 3869; baseline -0.004 -15"><span class='ocrx_word' id='word_1_225' title='bbox 513 3806 637 3859; x_wconf 80' lang='lat' dir='ltr'><strong>tactorum,</strong></span> <span class='ocrx_word' id='word_1_226' title='bbox 645 3817 717 3867; x_wconf 83' lang='lat' dir='ltr'><strong>quam</strong></span> <span class='ocrx_word' id='word_1_227' title='bbox 727 3802 780 3868; x_wconf 83' lang='lat' dir='ltr'><strong>ipsa</strong></span> <span class='ocrx_word' id='word_1_228' title='bbox 789 3813 853 3851; x_wconf 81' lang='lat' dir='ltr'><strong>recte</strong></span> <span class='ocrx_word' id='word_1_229' title='bbox 866 3801 955 3859; x_wconf 80' lang='lat' dir='ltr'><strong>lactt,”</strong></span> <span class='ocrx_word' id='word_1_230' title='bbox 965 3803 1010 3852; x_wconf 76' lang='lat' dir='ltr'><strong>hcc.</strong></span> <span class='ocrx_word' id='word_1_231' title='bbox 1061 3803 1126 3869; x_wconf 84' lang='lat' dir='ltr'><strong>apud</strong></span> <span class='ocrx_word' id='word_1_232' title='bbox 1137 3803 1219 3869; x_wconf 82' lang='lat' dir='ltr'><strong>Eurip.</strong></span> <span class='ocrx_word' id='word_1_233' title='bbox 1231 3803 1256 3851; x_wconf 93' lang='lat' dir='ltr'><strong>in</strong></span> <span class='ocrx_word' id='word_1_234' title='bbox 1266 3802 1353 3852; x_wconf 87' lang='lat' dir='ltr'><strong>Troad.</strong></span> 
     </span>
    </p>

    <p class='ocr_par' dir='ltr' id='par_1_5' title="bbox 510 3875 1556 4607">
     <span class='ocr_line' id='line_1_30' title="bbox 545 3875 1556 3944; baseline 0.002 -18"><span class='ocrx_word' id='word_1_235' title='bbox 545 3877 651 3926; x_wconf 76' lang='lat' dir='ltr'><strong>:tl-al.</strong></span> <span class='ocrx_word' id='word_1_236' title='bbox 667 3878 701 3926; x_wconf 86' lang='lat' dir='ltr'><strong>Ut</strong></span> <span class='ocrx_word' id='word_1_237' title='bbox 716 3875 742 3924; x_wconf 82' lang='lat' dir='ltr'><strong>in</strong></span> <span class='ocrx_word' id='word_1_238' title='bbox 756 3884 823 3925; x_wconf 75' lang='lat' dir='ltr'><strong>textu</strong></span> <span class='ocrx_word' id='word_1_239' title='bbox 833 3884 878 3933; x_wconf 76' lang='lat' dir='ltr'><strong>ast,</strong></span> <span class='ocrx_word' id='word_1_240' title='bbox 890 3891 905 3924; x_wconf 79' lang='lat' dir='ltr'><strong>e</strong></span> <span class='ocrx_word' id='word_1_241' title='bbox 918 3875 1009 3925; x_wconf 79' lang='lat' dir='ltr'><strong>Puau-</strong></span> <span class='ocrx_word' id='word_1_242' title='bbox 1094 3881 1125 3930; x_wconf 76' lang='lat' dir='ltr'><strong>nt</strong></span> <span class='ocrx_word' id='word_1_243' title='bbox 1141 3877 1171 3936; x_wconf 70' lang='lat' dir='ltr'><strong>d,</strong></span> <span class='ocrx_word' id='word_1_244' title='bbox 1191 3880 1210 3928; x_wconf 75' lang='grc' dir='ltr'><strong><em>ὦ</em></strong></span> <span class='ocrx_word' id='word_1_245' title='bbox 1226 3876 1278 3944; x_wconf 72' lang='grc' dir='ltr'><strong>φίλ’</strong></span> <span class='ocrx_word' id='word_1_246' title='bbox 1288 3877 1389 3944; x_wconf 69' lang='grc' dir='ltr'><strong>Ἕκτορ,</strong></span> <span class='ocrx_word' id='word_1_247' title='bbox 1406 3879 1476 3944; x_wconf 65' lang='grc' dir='ltr'><strong>εἶχον</strong></span> <span class='ocrx_word' id='word_1_248' title='bbox 1490 3877 1556 3944; x_wconf 73' lang='grc' dir='ltr'>ἄνδρ’</span> 
     </span>
     <span class='ocr_line' id='line_1_31' title="bbox 512 3950 1308 4018; baseline 0 -18"><span class='ocrx_word' id='word_1_249' title='bbox 512 3951 549 4000; x_wconf 90' lang='lat' dir='ltr'><strong>nis</strong></span> <span class='ocrx_word' id='word_1_250' title='bbox 558 3953 621 4001; x_wconf 82' lang='lat' dir='ltr'><strong>hene</strong></span> <span class='ocrx_word' id='word_1_251' title='bbox 634 3950 786 4016; x_wconf 79' lang='lat' dir='ltr'><strong>rescripserat</strong></span> <span class='ocrx_word' id='word_1_252' title='bbox 796 3951 921 4006; x_wconf 83' lang='lat' dir='ltr'><strong>Gruterus,</strong></span> <span class='ocrx_word' id='word_1_253' title='bbox 932 3957 956 3999; x_wconf 86' lang='lat' dir='ltr'><strong>st</strong></span> <span class='ocrx_word' id='word_1_254' title='bbox 967 3950 1009 3998; x_wconf 86' lang='lat' dir='ltr'><strong>ad·</strong></span> <span class='ocrx_word' id='word_1_255' title='bbox 1123 3950 1251 4018; x_wconf 59' lang='grc' dir='ltr'><strong>ἀρκοῦντά</strong></span> <span class='ocrx_word' id='word_1_256' title='bbox 1258 3970 1308 4018; x_wconf 84' lang='grc' dir='ltr'><strong>μοι.</strong></span> 
     </span>
     <span class='ocr_line' id='line_1_32' title="bbox 510 4023 1524 4094; baseline 0 -19"><span class='ocrx_word' id='word_1_257' title='bbox 510 4026 587 4094; x_wconf 85' lang='lat' dir='ltr'><strong>prime</strong></span> <span class='ocrx_word' id='word_1_258' title='bbox 597 4025 705 4074; x_wconf 81' lang='lat' dir='ltr'><strong>distinxit</strong></span> <span class='ocrx_word' id='word_1_259' title='bbox 714 4025 745 4074; x_wconf 87' lang='lat' dir='ltr'><strong>de</strong></span> <span class='ocrx_word' id='word_1_260' title='bbox 754 4023 925 4074; x_wconf 78' lang='lat' dir='ltr'><strong>Meddenbach</strong></span> <span class='ocrx_word' id='word_1_261' title='bbox 935 4025 1009 4073; x_wconf 70' lang='lat' dir='ltr'><strong>wat·</strong></span> <span class='ocrx_word' id='word_1_262' title='bbox 1092 4027 1133 4074; x_wconf 85' lang='grc'><strong>33.</strong></span> <span class='ocrx_word' id='word_1_263' title='bbox 1147 4025 1243 4089; x_wconf 71' lang='lat' dir='ltr'><strong>Iphias]</strong></span> <span class='ocrx_word' id='word_1_264' title='bbox 1262 4025 1370 4082; x_wconf 76' lang='lat' dir='ltr'><strong>Euadne,</strong></span> <span class='ocrx_word' id='word_1_265' title='bbox 1381 4025 1457 4092; x_wconf 81' lang='lat' dir='ltr'><strong>Iphias</strong></span> <span class='ocrx_word' id='word_1_266' title='bbox 1469 4027 1524 4076; x_wconf 86' lang='lat' dir='ltr'><strong>fllia.</strong></span> 
     </span>
     <span class='ocr_line' id='line_1_33' title="bbox 510 4099 1554 4165; baseline 0.001 -15"><span class='ocrx_word' id='word_1_267' title='bbox 510 4099 883 4165; x_wconf 72' lang='lat' dir='ltr'><strong>herinAmoenitatlitterasp.</strong></span> <span class='ocrx_word' id='word_1_268' title='bbox 893 4100 1011 4157; x_wconf 78' lang='lat'><strong>123,124.</strong></span> <span class='ocrx_word' id='word_1_269' title='bbox 1093 4101 1133 4150; x_wconf 90' lang='grc'><strong>39.</strong></span> <span class='ocrx_word' id='word_1_270' title='bbox 1145 4100 1293 4165; x_wconf 70' lang='lat' dir='ltr'><strong>Phylaceia]</strong></span> <span class='ocrx_word' id='word_1_271' title='bbox 1309 4101 1440 4150; x_wconf 79' lang='lat' dir='ltr'><strong>Laodamia</strong></span> <span class='ocrx_word' id='word_1_272' title='bbox 1450 4102 1483 4150; x_wconf 89' lang='lat' dir='ltr'><strong>sic</strong></span> <span class='ocrx_word' id='word_1_273' title='bbox 1493 4102 1554 4152; x_wconf 87' lang='lat' dir='ltr'><strong>dicta</strong></span> 
     </span>
     <span class='ocr_line' id='line_1_34' title="bbox 511 4173 1554 4242; baseline -0.001 -16"><span class='ocrx_word' id='word_1_274' title='bbox 511 4173 715 4242; x_wconf 71' lang='lat' dir='ltr'><strong>interpungend05</strong></span> <span class='ocrx_word' id='word_1_275' title='bbox 730 4177 750 4223; x_wconf 82' lang='lat' dir='ltr'><strong>si</strong></span> <span class='ocrx_word' id='word_1_276' title='bbox 768 4192 813 4237; x_wconf 75' lang='lat' dir='ltr'><strong>qua</strong></span> <span class='ocrx_word' id='word_1_277' title='bbox 830 4183 915 4230; x_wconf 74' lang='lat' dir='ltr'><strong>tanen,</strong></span> <span class='ocrx_word' id='word_1_278' title='bbox 933 4177 1010 4235; x_wconf 74' lang='lat' dir='ltr'><strong>pretii.</strong></span> <span class='ocrx_word' id='word_1_279' title='bbox 1060 4189 1075 4222; x_wconf 87' lang='lat' dir='ltr'><strong>a</strong></span> <span class='ocrx_word' id='word_1_280' title='bbox 1090 4174 1205 4239; x_wconf 83' lang='lat' dir='ltr'><strong>Phylace,</strong></span> <span class='ocrx_word' id='word_1_281' title='bbox 1216 4174 1358 4224; x_wconf 69' lang='lat' dir='ltr'><strong>Phthiotica</strong></span> <span class='ocrx_word' id='word_1_282' title='bbox 1374 4175 1475 4240; x_wconf 71' lang='lat' dir='ltr'><strong>regionis</strong></span> <span class='ocrx_word' id='word_1_283' title='bbox 1484 4177 1554 4226; x_wconf 81' lang='lat' dir='ltr'><strong>Thes·</strong></span> 
     </span>
     <span class='ocr_line' id='line_1_35' title="bbox 511 4245 1552 4316; baseline 0.002 -18"><span class='ocrx_word' id='word_1_284' title='bbox 511 4250 535 4299; x_wconf 88' lang='lat' dir='ltr'><strong>h.</strong></span> <span class='ocrx_word' id='word_1_285' title='bbox 546 4267 570 4300; x_wconf 87' lang='lat' dir='ltr'><strong>e.</strong></span> <span class='ocrx_word' id='word_1_286' title='bbox 589 4249 609 4298; x_wconf 88' lang='lat' dir='ltr'><strong>si</strong></span> <span class='ocrx_word' id='word_1_287' title='bbox 626 4265 675 4315; x_wconf 80' lang='lat' dir='ltr'><strong>qua</strong></span> <span class='ocrx_word' id='word_1_288' title='bbox 690 4256 772 4297; x_wconf 82' lang='lat' dir='ltr'><strong>tamen</strong></span> <span class='ocrx_word' id='word_1_289' title='bbox 786 4247 861 4295; x_wconf 86' lang='lat' dir='ltr'><strong>virtus</strong></span> <span class='ocrx_word' id='word_1_290' title='bbox 878 4245 919 4303; x_wconf 88' lang='lat' dir='ltr'><strong>sit,</strong></span> <span class='ocrx_word' id='word_1_291' title='bbox 937 4263 1009 4312; x_wconf 86' lang='lat' dir='ltr'><strong>quarn</strong></span> <span class='ocrx_word' id='word_1_292' title='bbox 1059 4248 1125 4298; x_wconf 81' lang='lat' dir='ltr'><strong>salita</strong></span> <span class='ocrx_word' id='word_1_293' title='bbox 1139 4251 1205 4307; x_wconf 86' lang='lat' dir='ltr'><strong>urhe,</strong></span> <span class='ocrx_word' id='word_1_294' title='bbox 1217 4265 1270 4316; x_wconf 76' lang='lat' dir='ltr'><strong>quta</strong></span> <span class='ocrx_word' id='word_1_295' title='bbox 1287 4251 1330 4298; x_wconf 85' lang='lat' dir='ltr'><strong>sub</strong></span> <span class='ocrx_word' id='word_1_296' title='bbox 1346 4249 1398 4315; x_wconf 86' lang='lat' dir='ltr'><strong>ejus</strong></span> <span class='ocrx_word' id='word_1_297' title='bbox 1412 4249 1488 4298; x_wconf 86' lang='lat' dir='ltr'><strong>mariti</strong></span> <span class='ocrx_word' id='word_1_298' title='bbox 1499 4251 1552 4300; x_wconf 89' lang='lat' dir='ltr'><strong>Pro·</strong></span> 
     </span>
     <span class='ocr_line' id='line_1_36' title="bbox 511 4323 1552 4390; baseline -0.001 -16"><span class='ocrx_word' id='word_1_299' title='bbox 511 4341 558 4374; x_wconf 86' lang='lat' dir='ltr'><strong>non</strong></span> <span class='ocrx_word' id='word_1_300' title='bbox 573 4325 690 4390; x_wconf 73' lang='lat' dir='ltr'><strong>gubernet</strong></span> <span class='ocrx_word' id='word_1_301' title='bbox 703 4323 806 4379; x_wconf 82' lang='lat' dir='ltr'><strong>fortuna,</strong></span> <span class='ocrx_word' id='word_1_302' title='bbox 818 4336 846 4371; x_wconf 83' lang='lat' dir='ltr'><strong>ac</strong></span> <span class='ocrx_word' id='word_1_303' title='bbox 857 4336 925 4370; x_wconf 84' lang='lat' dir='ltr'><strong>versu</strong></span> <span class='ocrx_word' id='word_1_304' title='bbox 936 4323 976 4369; x_wconf 89' lang='grc'><strong>34.</strong></span> <span class='ocrx_word' id='word_1_305' title='bbox 987 4332 1010 4370; x_wconf 81' lang='lat' dir='ltr'><strong>et</strong></span> <span class='ocrx_word' id='word_1_306' title='bbox 1058 4323 1136 4372; x_wconf 84' lang='lat' dir='ltr'><strong>tesilai</strong></span> <span class='ocrx_word' id='word_1_307' title='bbox 1151 4323 1248 4387; x_wconf 86' lang='lat' dir='ltr'><strong>imperio</strong></span> <span class='ocrx_word' id='word_1_308' title='bbox 1262 4323 1315 4380; x_wconf 84' lang='lat' dir='ltr'><strong>luit,</strong></span> <span class='ocrx_word' id='word_1_309' title='bbox 1337 4331 1363 4372; x_wconf 85' lang='lat' dir='ltr'><strong>ut</strong></span> <span class='ocrx_word' id='word_1_310' title='bbox 1378 4323 1449 4373; x_wconf 87' lang='lat' dir='ltr'><strong>docet</strong></span> <span class='ocrx_word' id='word_1_311' title='bbox 1464 4326 1552 4382; x_wconf 84' lang='lat' dir='ltr'><strong>Strabo,</strong></span> 
     </span>
     <span class='ocr_line' id='line_1_37' title="bbox 511 4395 1552 4463; baseline 0 -16"><span class='ocrx_word' id='word_1_312' title='bbox 511 4403 568 4455; x_wconf 77' lang='lat' dir='ltr'><strong>tosa,</strong></span> <span class='ocrx_word' id='word_1_313' title='bbox 576 4397 681 4463; x_wconf 86' lang='lat' dir='ltr'><strong>(scilicet</strong></span> <span class='ocrx_word' id='word_1_314' title='bbox 688 4396 809 4458; x_wconf 86' lang='lat' dir='ltr'><strong>numeres)</strong></span> <span class='ocrx_word' id='word_1_315' title='bbox 818 4399 944 4443; x_wconf 75' lang='lat' dir='ltr'><strong>mirantur.</strong></span> <span class='ocrx_word' id='word_1_316' title='bbox 953 4397 1009 4445; x_wconf 84' lang='lat' dir='ltr'><strong>Jant</strong></span> <span class='ocrx_word' id='word_1_317' title='bbox 1058 4395 1100 4446; x_wconf 89' lang='lat' dir='ltr'><strong>lib.</strong></span> <span class='ocrx_word' id='word_1_318' title='bbox 1111 4396 1151 4458; x_wconf 74' lang='lat' dir='ltr'><strong>ix,</strong></span> <span class='ocrx_word' id='word_1_319' title='bbox 1168 4398 1206 4446; x_wconf 82' lang='lat' dir='ltr'><strong>vel</strong></span> <span class='ocrx_word' id='word_1_320' title='bbox 1217 4413 1232 4446; x_wconf 83' lang='lat' dir='ltr'><strong>a</strong></span> <span class='ocrx_word' id='word_1_321' title='bbox 1245 4396 1368 4446; x_wconf 81' lang='lat' dir='ltr'><strong>Protesilai</strong></span> <span class='ocrx_word' id='word_1_322' title='bbox 1384 4413 1429 4446; x_wconf 84' lang='lat' dir='ltr'><strong>avo</strong></span> <span class='ocrx_word' id='word_1_323' title='bbox 1442 4397 1552 4462; x_wconf 79' lang='lat' dir='ltr'><strong>Phylace,</strong></span> 
     </span>
     <span class='ocr_line' id='line_1_38' title="bbox 511 4469 1354 4536; baseline -0.004 -15"><span class='ocrx_word' id='word_1_324' title='bbox 511 4491 535 4521; x_wconf 86' lang='lat' dir='ltr'><strong>r.</strong></span> <span class='ocrx_word' id='word_1_325' title='bbox 547 4473 587 4521; x_wconf 75' lang='lat'><strong>32.</strong></span> <span class='ocrx_word' id='word_1_326' title='bbox 603 4475 679 4520; x_wconf 80' lang='lat' dir='ltr'><strong>ardua</strong></span> <span class='ocrx_word' id='word_1_327' title='bbox 693 4480 729 4519; x_wconf 85' lang='lat' dir='ltr'><strong>est</strong></span> <span class='ocrx_word' id='word_1_328' title='bbox 740 4469 822 4525; x_wconf 83' lang='lat' dir='ltr'><strong>virtus,</strong></span> <span class='ocrx_word' id='word_1_329' title='bbox 839 4485 893 4534; x_wconf 73' lang='lat' dir='ltr'><strong>qun</strong></span> <span class='ocrx_word' id='word_1_330' title='bbox 909 4485 956 4518; x_wconf 90' lang='lat' dir='ltr'><strong>non</strong></span> <span class='ocrx_word' id='word_1_331' title='bbox 973 4469 1005 4518; x_wconf 89' lang='lat' dir='ltr'><strong>in·</strong></span> <span class='ocrx_word' id='word_1_332' title='bbox 1058 4469 1145 4536; x_wconf 88' lang='lat' dir='ltr'><strong>lphicli</strong></span> <span class='ocrx_word' id='word_1_333' title='bbox 1155 4478 1230 4536; x_wconf 80' lang='lat' dir='ltr'><strong>patre.</strong></span> <span class='ocrx_word' id='word_1_334' title='bbox 1257 4471 1354 4518; x_wconf 77' lang='lat' dir='ltr'><strong>Mrcrn.</strong></span> 
     </span>
     <span class='ocr_line' id='line_1_39' title="bbox 510 4543 1555 4607; baseline -0.002 -13"><span class='ocrx_word' id='word_1_335' title='bbox 510 4545 611 4595; x_wconf 83' lang='lat' dir='ltr'><strong>clinatur</strong></span> <span class='ocrx_word' id='word_1_336' title='bbox 621 4544 652 4592; x_wconf 82' lang='lat' dir='ltr'><strong>ad</strong></span> <span class='ocrx_word' id='word_1_337' title='bbox 663 4544 790 4593; x_wconf 76' lang='lat' dir='ltr'><strong>fortunam.</strong></span> <span class='ocrx_word' id='word_1_338' title='bbox 818 4543 931 4592; x_wconf 71' lang='lat' dir='ltr'><strong>llantss.</strong></span> <span class='ocrx_word' id='word_1_339' title='bbox 1089 4544 1131 4591; x_wconf 86' lang='grc'><strong>41.</strong></span> <span class='ocrx_word' id='word_1_340' title='bbox 1144 4543 1187 4591; x_wconf 87' lang='lat' dir='ltr'><strong>Nil</strong></span> <span class='ocrx_word' id='word_1_341' title='bbox 1196 4561 1251 4607; x_wconf 79' lang='lat' dir='ltr'><strong>opas</strong></span> <span class='ocrx_word' id='word_1_342' title='bbox 1261 4555 1293 4592; x_wconf 81' lang='lat' dir='ltr'><strong>est</strong></span> <span class='ocrx_word' id='word_1_343' title='bbox 1305 4544 1369 4607; x_wconf 75' lang='lat' dir='ltr'><strong>leto]</strong></span> <span class='ocrx_word' id='word_1_344' title='bbox 1388 4543 1460 4601; x_wconf 86' lang='lat' dir='ltr'><strong>Quod</strong></span> <span class='ocrx_word' id='word_1_345' title='bbox 1472 4543 1502 4592; x_wconf 79' lang='lat' dir='ltr'><strong>ad</strong></span> <span class='ocrx_word' id='word_1_346' title='bbox 1513 4553 1555 4586; x_wconf 66' lang='grc' dir='ltr'><strong>εἰ·</strong></span> 
     </span>
    </p>

    <p class='ocr_par' dir='ltr' id='par_1_6' title="bbox 542 4617 1553 4684">
     <span class='ocr_line' id='line_1_40' title="bbox 542 4617 1553 4684; baseline 0.005 -17"><span class='ocrx_word' id='word_1_347' title='bbox 542 4619 583 4668; x_wconf 87' lang='grc'><strong>36.</strong></span> <span class='ocrx_word' id='word_1_348' title='bbox 594 4618 725 4683; x_wconf 71' lang='lat' dir='ltr'><strong>Penelopae</strong></span> <span class='ocrx_word' id='word_1_349' title='bbox 732 4618 814 4683; x_wconf 70' lang='lat' dir='ltr'><strong>fidos]</strong></span> <span class='ocrx_word' id='word_1_350' title='bbox 832 4617 872 4668; x_wconf 80' lang='lat' dir='ltr'><strong>Sic</strong></span> <span class='ocrx_word' id='word_1_351' title='bbox 887 4617 945 4667; x_wconf 88' lang='lat' dir='ltr'><strong>alibi</strong></span> <span class='ocrx_word' id='word_1_352' title='bbox 963 4633 1005 4668; x_wconf 86' lang='lat' dir='ltr'><strong>no·</strong></span> <span class='ocrx_word' id='word_1_353' title='bbox 1056 4618 1136 4684; x_wconf 81' lang='lat' dir='ltr'><strong>erepla</strong></span> <span class='ocrx_word' id='word_1_354' title='bbox 1145 4617 1307 4668; x_wconf 82' lang='lat' dir='ltr'><strong>referendum:</strong></span> <span class='ocrx_word' id='word_1_355' title='bbox 1320 4617 1448 4668; x_wconf 81' lang='lat' dir='ltr'><strong>Alcestidis</strong></span> <span class='ocrx_word' id='word_1_356' title='bbox 1454 4617 1553 4672; x_wconf 80' lang='lat' dir='ltr'><strong>scilicet</strong></span> 
     </span>
    </p>
   </div>
   <div class='ocr_carea' id='block_1_4' title="bbox 1660 4339 1735 4592">
    <p class='ocr_par' dir='ltr' id='par_1_7' title="bbox 1660 4327 1735 4614">
     <span class='ocr_line' id='line_1_41' title="bbox 1660 4339 1735 4592; baseline 0 22"><span class='ocrx_word' id='word_1_357' title='bbox 1660 4473 1665 4480; x_wconf 93' lang='lat'><em>·</em></span> <span class='ocrx_word' id='word_1_358' title='bbox 1731 4339 1735 4592; x_wconf 86' lang='lat' dir='ltr'><strong>l</strong></span> 
     </span>
    </p>
   </div>
   <div class='ocr_carea' id='block_1_5' title="bbox 0 0 1810 5961">
    <p class='ocr_par' dir='ltr' id='par_1_8' title="bbox 0 0 1810 5961">
     <span class='ocr_line' id='line_1_42' title="bbox 0 0 1810 5961; baseline 0 0"><span class='ocrx_word' id='word_1_359' title='bbox 0 0 1810 5961; x_wconf 95' lang='lat' dir='ltr'><strong> </strong></span> 
     </span>
    </p>
   </div>
  </div>
 </body>
</html>
