3609 5967
485 784 553 848 364
783 784 821 848 Ρ.
845 780 1008 848 OVIDII
1032 781 1245 847 NASONIS

487 959 565 1032 Sed
584 958 689 1056 piger
706 960 755 1031 ad
772 981 904 1056 poeuos
922 955 1112 1055 princeps,
1132 956 1180 1030 ad
1199 959 1355 1054 praemia
1372 962 1495 1044 velox,

535 1073 687 1171 Quique
705 1074 820 1160 dolet,
840 1074 990 1170 quoties
1008 1071 1156 1168 cogitur
1174 1073 1405 1150 esse-ferox:

486 1189 561 1275 Qui
578 1190 667 1263 vicit
685 1214 846 1289 semper,
866 1189 975 1262 victis
994 1199 1037 1262 ut
1055 1212 1210 1288 parcere
1228 1204 1370 1287 posset,
1463 1197 1532 1267 125

536 1306 686 1381 Clausit
703 1319 743 1379 et
759 1317 900 1380 aetema
918 1305 1037 1379 civica
1055 1307 1155 1380 bella
1172 1330 1279 1394 sera;

486 1421 611 1497 Multa
627 1432 729 1496 metu
748 1447 881 1521 pronae,
901 1447 1012 1521 poena
1030 1422 1097 1520 qui
1114 1447 1237 1520 pauca
1255 1438 1427 1510 coercet;

536 1538 588 1612 Et
599 1538 695 1635 jacit
709 1539 825 1613 iuvita
841 1538 999 1612 fulmina
1015 1563 1098 1613 rara
1115 1562 1241 1613 mauu.

487 1652 600 1751 Ergo,
619 1665 697 1727 tom
715 1655 885 1753 placidas
904 1666 1028 1729 orator
1045 1655 1185 1728 missus
1203 1656 1252 1729 ad
1270 1679 1392 1743 aures,

538 1770 591 1843 Ut
608 1772 759 1871 propior
776 1771 908 1870 patriae
927 1772 977 1844 sit
993 1771 1083 1869 lugo
1102 1784 1242 1858 nostro,
1261 1796 1363 1868 roga.
1463 1777 1533 1845 130

486 1885 557 1960 llle
574 1911 645 1984 ego
664 1912 761 1974 sum,
780 1888 845 1986 qui
864 1899 904 1961 te
922 1889 1022 1962 colui
1038 1917 1047 1977 ;
1078 1913 1193 1986 quem
1210 1888 1308 1963 festa
1324 1889 1471 1962 solebat

537 2001 641 2076 luter
657 2002 830 2077 convivas
848 2027 981 2077 mensa
997 2003 1124 2078 videre
1141 2016 1250 2079 tuos:

486 2116 557 2192 llle
574 2141 657 2214 ego,
676 2119 741 2216 qui
760 2118 852 2190 duxi
871 2129 1016 2192 vestros
1035 2117 1272 2218 Hymeuaeon
1289 2121 1337 2194 ad
1356 2120 1475 2217 ignes

538 2232 588 2308 Et
605 2233 725 2308 cecini
744 2232 868 2306 lausto
885 2235 1052 2308 carmina
1069 2236 1185 2332 digna
1203 2248 1305 2310 toro:

487 2350 608 2447 Cujus
626 2359 665 2422 te
683 2348 834 2422 solitum
852 2349 1005 2423 memini
1024 2350 1177 2424 laudare
1195 2350 1355 2437 libellos,
1464 2356 1533 2424 135

537 2463 733 2563 Exceptis,
752 2463 905 2538 domiuo
924 2465 989 2562 qui
1008 2485 1170 2539 nocuere
1187 2490 1269 2539 suo.

488 2580 560 2655 Oui
579 2592 645 2655 tua
661 2605 931 2678 nonuunquam
949 2581 1099 2655 miranti
1118 2581 1261 2680 scripta
1277 2583 1443 2678 legebas,

538 2694 608 2770 Ille
626 2721 708 2794 ego,
729 2697 777 2770 de
795 2709 920 2773 vestra
936 2698 998 2771 cui
1016 2700 1105 2773 data
1123 2711 1243 2798 nupta
1259 2700 1384 2772 domo.

489 2809 597 2886 Hauc
617 2814 761 2911 probat,
781 2824 821 2887 et
838 2815 959 2912 primo
978 2815 1156 2890 dilectam
1176 2838 1325 2912 semper
1342 2816 1389 2888 ab
1407 2838 1487 2889 aevo

540 2927 610 3001 Est
627 2929 722 3002 inter
736 2929 894 3003 comites
914 2929 1060 3004 Marcia
1077 2955 1192 3005 censa
1210 2954 1318 3017 suas3
1466 2936 1536 3003 140

477 3039 610 3141 ‘Inque
627 3045 705 3118 suis
722 3044 855 3120 habuit
873 3058 1074 3124 matertera
1092 3046 1255 3121 Caesaris
1273 3058 1383 3133 ante3

538 3158 706 3243 Quarum
719 3162 864 3259 judicio
882 3164 913 3235 si
932 3189 1009 3262 quo
1027 3166 1198 3264 probata,
1217 3165 1335 3263 proba
1352 3173 1424 3237 est.

487 3368 517 3417 ud
533 3369 664 3419 Alexandri
681 3386 756 3436 usque
773 3370 920 3421 dominatum
933 3387 986 3438 per·
1035 3374 1083 3430 vel,
1095 3383 1122 3423 ut
1138 3373 1217 3439 potius
1231 3373 1369 3421 Burmauuo
1385 3369 1486 3427 videtur,
1502 3372 1534 3420 ad

486 3442 583 3498 mansit,
603 3451 630 3492 ut
647 3443 745 3493 Diodor.
761 3446 800 3494 Sic
820 3446 854 3495 iv.
875 3448 913 3496 15.
930 3461 986 3513 pag.
1036 3459 1125 3498 vestras
1134 3464 1195 3500 uras.
1204 3447 1234 3496 ad
1244 3463 1304 3512 quas
1311 3461 1409 3512 sponsus
1418 3455 1536 3510 etsponsa

486 3517 543 3565 261.
553 3526 640 3566 narrat.
673 3518 785 3567 Huurrs.
1035 3522 1201 3571 sacrificabant
1211 3530 1236 3570 et
1245 3519 1463 3585 comprecabatur.

521 3592 576 3640 126.
592 3590 915 3655 Clausitrlugustuslanum
926 3593 986 3651 Qui·
1070 3597 1126 3645 140.
1153 3595 1192 3643 Eu
1218 3598 1281 3643 inter
1306 3597 1395 3642 comites
1420 3592 1533 3656 Μαντὼ]

485 3665 540 3723 riui,
561 3667 625 3732 quod
644 3666 737 3731 siguum
758 3666 824 3731 pacis
841 3666 896 3715 luit,
915 3669 987 3718 'frist
1035 3669 1129 3718 Marcie
1142 3669 1203 3726 bec,
1215 3685 1261 3716 nou
1275 3665 1382 3722 Catonis,
1393 3677 1420 3715 ut
1431 3665 1469 3714 hic
1480 3666 1535 3713 Me·

486 3739 521 3788 iii.
535 3742 555 3788 1.
566 3742 606 3788 44.
615 3739 682 3804 Virg.
695 3740 751 3787 AEn.
762 3739 844 3788 mol.
871 3741 986 3792 llurrers.
1035 3740 1233 3799 mlatmditsed
1251 3740 1352 3789 Maximi
1370 3738 1535 3794 uxorluit‚id

522 3814 575 3862 127.
591 3816 670 3863 Multa
679 3823 740 3862 metu
749 3814 839 3878 punc]
858 3816 898 3863 Sic
910 3815 986 3865 Tacit.
1036 3817 1099 3882 quod
1109 3833 1139 3865 ex
1149 3816 1232 3865 Tacito
1243 3815 1343 3880 udpcmt
1354 3814 1419 3861 Anu.
1431 3812 1481 3861 15.
1492 3812 1534 3860 ubi

489 3886 559 3936 Poenu
573 3891 604 3937 ud
614 3900 787 3953 perecoumetur
800 3892 921 3951 adplum
934 3908 986 3953 per·
1036 3890 1070 3939 ita
1083 3890 1186 3955 legitur:
1211 3889 1300 3951 Quippe
1314 3903 1392 3934 rumor
1407 3889 1535 3940 inererat.

488 3965 574 4010 ueniat.
1033 3979 1117 4026 paucos
1136 3972 1190 4011 cute
1210 3978 1292 4010 merua
1312 3962 1440 4025 algnana
1459 3962 1536 4007 cocto

522 4036 577 4083 13³.
604 4035 690 4098 Duri]
718 4036 822 4085 Broulrlr.
844 4035 874 4084 cd
894 4036 985 4084 Tibull.
1035 4039 1137 4092 emmelis,
1154 4047 1176 4084 et
1188 4040 1267 4085 cornito
1281 4053 1328 4083 uno
1344 4034 1414 4082 Fauo
1428 4033 1535 4088 Mamm,

486 4108 513 4157 ii.
526 4111 547 4157 l.
558 4111 599 4159 54.
616 4108 693 4166 docet,
704 4114 786 4160 ducere
802 4111 870 4176 epico
886 4110 986 4159 carmini
1038 4113 1170 4160 Planasiam
1181 4111 1442 4166 summouendum
1450 4109 1536 4172 Agrip

487 4184 565 4249 potius
575 4184 708 4242 convenire,
720 4188 796 4234 dicere
806 4195 885 4233 tutem
896 4191 923 4232 ut
931 4183 955 4231 h.
969 4185 987 4233 l.
1035 4187 1155 4248 pum,&c.
1179 4184 1245 4238 Quod
1254 4184 1382 4232 Marium
1390 4184 1457 4230 uxori
1469 4181 1535 4228 Mar·

486 4260 558 4308 rebus
568 4259 680 4307 momenti
691 4259 792 4307 levioris.
826 4259 940 4306 Hrurss.
1036 4262 1076 4307 οἱα
1086 4262 1207 4321 operosiore,
1217 4259 1284 4305 illum
1296 4256 1382 4306 Livia.-
1397 4271 1497 4320 gnurun
1513 4257 1537 4302 id

521 4333 683 4397 Hymenaeum]
696 4333 800 4382 Carmen
809 4329 925 4396 nuptiale.
935 4331 986 4380 De·
1038 4332 1185 4389 Cauri,&c.
1218 4330 1289 4390 Quod
1298 4339 1377 4379 autem
1391 4328 1474 4377 eadem
1484 4328 1536 4376 filia

487 4424 528 4456 um
540 4417 620 4457 cutem
634 4406 769 4472 nuptiarum
784 4403 863 4470 posuit
877 4420 921 4469 pro
934 4404 987 4469 ipso
1036 4405 1106 4455 luerit
1117 4404 1203 4454 Marcii
1214 4403 1328 4469 Philippi,
1337 4401 1413 4452 uitrici
1424 4401 1536 4464 Augusti,

487 4480 648 4547 epithclumlo.
665 4482 704 4530 De
712 4480 844 4544 Hymeuaeo
852 4477 986 4543 alrbiplum
1036 4489 1144 4530 exserto
1154 4479 1275 4528 Fastorum
1287 4487 1362 4543 petet.
1396 4477 1492 4524 Mrem.

487 4554 598 4603 diximus.
615 4557 652 4603 Au
666 4558 728 4620 ignes
739 4564 828 4603 oestrus.
845 4553 884 4602 Ad
896 4563 986 4602 vestras
1071 4554 1125 4602 141.
1144 4552 1270 4600 Marenem
1286 4549 1401 4612 Cnemis]
1422 4550 1458 4597 Ex
1469 4548 1537 4597 Julia

487 4628 569 4685 tadu,
575 4645 629 4693 quo
637 4630 780 4678 nubentibus
786 4627 985 4695 preferebculuu
1037 4628 1067 4676 C.
1080 4625 1181 4676 Castris
1192 4641 1276 4684 ποτε,
1286 4635 1311 4673 et
1323 4625 1359 4673 ll.
1371 4623 1445 4672 Accio
1457 4622 1535 4670 Balbo
