3609 5967
414 782 484 845 EX
508 778 670 846 PONTO
694 776 786 844 LIB.
811 775 861 866 ll.
885 776 1033 841 EPIST.
1058 777 1128 844 IX.
1230 779 1295 845 431

247 954 492 1053 Conspicitur
509 974 703 1049 nunquam
720 949 876 1023 meliore
894 950 1066 1048 potentia
1083 974 1210 1039 causa,
1251 956 1297 1026 15

296 1069 421 1154 Quam
439 1068 589 1167 quoties
606 1090 723 1143 vanas
740 1090 817 1140 non
834 1066 932 1140 sinit
942 1089 1029 1141 esse
1047 1090 1192 1165 preces.
1300 1142 1303 1152 ,

246 1184 331 1261 Hoc
349 1186 448 1259 nitor
464 1185 528 1258 ille
546 1184 602 1257 tui
620 1182 769 1281 generis
787 1182 1001 1257 desiderat:
1023 1184 1095 1257 hoc
1115 1194 1174 1258 cst

296 1300 332 1374 A
352 1300 510 1401 Superis
528 1310 620 1373 ortae
638 1298 846 1373 nobilitatis
864 1324 974 1397 opus,

246 1416 331 1491 Hoc
350 1417 421 1491 tibi
440 1428 480 1493 et
497 1415 722 1515 Eumolpus,
737 1414 886 1512 generis
904 1413 1134 1489 clarissimus
1153 1426 1295 1505 auctor,

297 1532 349 1607 Et
365 1534 466 1632 prior
485 1531 674 1630 Eumolpo
693 1532 832 1606 suadet
849 1530 1132 1605 Erichthonius.
1247 1539 1297 1605 20

245 1641 332 1723 Hoc
351 1657 479 1724 tecum
497 1673 700 1723 commune
718 1648 824 1725 Deo:
844 1648 948 1746 quod
968 1658 1129 1745 uterque
1147 1651 1266 1747 rogati

229 1824 241 1851 ,
299 1766 547 1865 Supplicibus
565 1766 700 1841 vestris
716 1765 813 1840 ferre
831 1764 962 1838 soletis
980 1788 1104 1863 opem.

248 1880 446 1979 Numquid
464 1882 547 1969 erit,
566 1905 685 1980 quare
703 1883 814 1956 solito
832 1881 1031 1979 dignemur
1048 1882 1188 1956 honore

179 2092 181 2095 Α
199 2044 205 2052 ‚
298 1997 477 2084 Numina,
497 1996 529 2070 si
547 1998 678 2073 demas
694 2000 792 2073 velle
805 2000 939 2096 juvare
959 1997 1089 2071 Deos?

247 2112 271 2185 J
274 2114 427 2212 uppiter
443 2114 563 2188 oranti
582 2116 716 2190 surdas
734 2116 767 2189 si
785 2112 955 2215 praelicat
972 2138 1095 2201 aures,
1248 2120 1297 2189 25

298 2228 462 2303 Victima
479 2253 547 2329 pro
565 2232 711 2329 templo
728 2254 796 2304 cur
813 2232 926 2308 cadat
943 2231 1020 2304 icta
1035 2228 1059 2301 J
1062 2231 1167 2305 ovis?

250 2344 292 2417 Si
309 2369 444 2443 pacem
461 2346 605 2419 nullam
623 2346 771 2421 Pontus
788 2347 880 2420 mihi
899 2356 1054 2446 praestet
1072 2347 1187 2433 eunti,
1287 2346 1292 2355 ’

298 2459 412 2534 Irrita
429 2460 613 2560 Neptuno
630 2486 698 2535 cur
715 2487 786 2558 ego
804 2472 891 2535 tura
907 2461 1050 2536 leram?

249 2575 359 2649 Vana
374 2576 580 2650 laborantis
599 2577 632 2650 si
649 2576 756 2652 fallat
770 2587 861 2652 vota
876 2577 1013 2664 coloni,
1052 2566 1063 2589 ”

298 2691 476 2790 Accipiat
493 2692 657 2789 gravidae
675 2716 742 2767 cnr
760 2692 839 2765 suis
857 2704 948 2767 exta
966 2693 1113 2767 Ceres?
1249 2698 1299 2767 30

250 2804 334 2883 Nec
352 2808 460 2881 dabit
476 2808 626 2882 intonso
639 2809 816 2905 jugulum
834 2833 949 2907 caper
966 2808 1092 2882 hostia
1105 2806 1272 2897 Baccho
1369 2792 1377 2899 s

298 2922 432 2999 Musta
448 2925 519 2999 sub
538 2925 703 2999 adducto
721 2926 752 2998 si
771 2926 870 3025 pede
887 2926 992 2999 nulla
1008 2924 1140 2999 fluant.

283 3078 321 3126 lt.
332 3080 353 3127 Δ
364 3080 458 3141 Superis
467 3089 522 3129 ortae
531 3082 679 3145 nobilitatis]
698 3082 750 3131 No·
832 3083 872 3131 30.
884 3083 987 3143 Accipiet
996 3084 1106 3146 gravida,
1117 3079 1176 3144 δια]
1196 3080 1253 3138 Cur,
1264 3080 1299 3129 iu·

248 3151 438 3202 athamantis
447 3149 562 3218 originem
572 3153 692 3203 ducentis.
799 3156 859 3221 quit,
880 3154 1054 3205 sacrificabitur
1071 3154 1153 3203 Cereri
1179 3170 1260 3219 porca,
1281 3154 1301 3203 si

281 3226 514 3291 nutriebamus]
523 3227 750 3285 Erichthonius‚sen
799 3246 882 3295 preces
897 3229 1055 3294 agricolarum
1069 3227 1190 3277 incassum
1201 3227 1314 3277 lunden·¹
1334 3287 1336 3295 Ι

248 3298 750 3365 Erechtheus,rexiuitAthcnarum,quem
799 3308 856 3353 tur?
888 3306 942 3353 Suis
958 3307 1069 3370 pauida.
1094 3302 1192 3352 Initium
1215 3303 1300 3352 immo·

249 3370 383 3421 Minervae
394 3388 447 3421 rnre
459 3372 501 3421 ubi
518 3382 589 3423 natus
599 3382 659 3432 erat,
670 3390 754 3444 snsoe3
799 3379 866 3429 laudi
875 3396 891 3429 a
900 3379 971 3429 suillo
988 3394 1074 3443 genere
1084 3386 1205 3442 sumptum
1220 3376 1302 3426 cristi·

250 3444 294 3510 pit.
311 3444 479 3511 edocuitque,
499 3454 525 3495 et
545 3447 688 3497 Atheniensi
709 3464 752 3513 po·
799 3462 850 3501 mat
873 3450 985 3501 Ovidius.
1023 3450 1098 3516 Cujus
1125 3450 1159 3499 rei
1183 3464 1255 3499 causa
1275 3450 1301 3499 in

249 3519 307 3584 pulo
325 3535 368 3585 pro
385 3536 441 3584 rega
458 3520 572 3570 tradidit:
596 3520 697 3587 ideoque
716 3522 752 3571 illi
801 3526 886 3584 Fastis,
897 3525 958 3575 etin
970 3526 1070 3574 Metam.
1080 3524 1122 3573 lib.
1129 3540 1169 3572 xv.
1179 3526 1299 3573 veslit:

249 3608 329 3642 annus
355 3593 464 3643 solennis
490 3595 651 3647 Athenienses
678 3607 753 3661 agunt
975 3610 977 3614 ·
1025 3602 1101 3662 primo
1109 3606 1209 3661 putatur

249 3676 370 3717 taurorum
378 3669 677 3735 agnorumquesacriticiis.
687 3671 752 3721 Vide
827 3675 918 3723 ·Hostto
935 3690 973 3723 nn
988 3676 1094 3722 memisse
1109 3674 1175 3729 mori,
1197 3675 1251 3736 qrn's
1268 3689 1300 3721 se·

250 3742 333 3791 Natal.
343 3742 386 3792 lib.
393 3743 425 3792 iv.
436 3758 490 3810 cap.
498 3748 523 3794 5.
866 3752 929 3797 raino
938 3751 1015 3811 pando

281 3818 322 3866 21.
334 3818 385 3867 Hoc
395 3827 470 3867 usum
479 3836 595 3868 commum
606 3818 684 3882 Dela]
696 3818 750 3867 lloc
833 3822 931 3872 Essim't
945 3833 1027 3880 rostro,
1044 3839 1146 3886 spemque
1156 3824 1302 3883 interceperit

249 3901 293 3947 est.
313 3891 357 3941 tibi
378 3908 434 3941 cnm
454 3892 510 3942 Diis
530 3908 665 3950 commune,
686 3890 752 3957 quod
864 3900 930 3945 anni.
1254 3900 1258 3907 '

248 3980 332 4031 preces
357 3966 480 4025 erudies,
499 3966 700 4033 quemadmodum
726 3975 752 4017 ct
799 3966 1302 4035 MactcbaturnutemporcusCereri,quis

250 4040 296 4089 illi.
800 4044 846 4094 hoc
857 4044 946 4093 animal
960 4043 1068 4108 frugibus
1078 4050 1156 4092 nocet.
1188 4042 1302 4092 Solebant

281 4116 324 4163 27.
343 4114 442 4163 Nullum
457 4115 556 4178 mum]
576 4115 676 4165 Nullum
686 4122 751 4163 tran-
801 4118 866 4168 enirn
876 4118 980 4167 victima
996 4134 1040 4184 pro
1050 4116 1166 4183 qualitate
1178 4116 1301 4166 numinum
1353 4128 1355 4137 ·

250 4187 401 4253 quiltinnm.
435 4189 583 4238 Murmura
602 4189 665 4238 Mihi
684 4188 752 4237 nari·
800 4191 934 4241 immolari:
954 4200 980 4241 et
1002 4192 1041 4241 vel
1068 4190 1229 4245 cedebantur,
1247 4206 1301 4254 qma

250 4262 327 4327 gnoti.
801 4266 889 4314 obsunt
906 4280 987 4314 eorum
1008 4264 1160 4313 muneribus:
1184 4270 1210 4311 ut
1231 4278 1302 4327 caper

282 4337 324 4384 29.
339 4335 365 4383 Si
374 4335 471 4401 sallom
488 4346 542 4385 voto
557 4336 653 4399 comni]
675 4335 752 4399 Pallor
800 4340 895 4396 Libero,
908 4338 1146 4403 quiavitibusnocet.
1158 4335 1301 4385 etiuoruni·

249 4408 375 4469 meliorem
399 4410 474 4459 Ceres
492 4408 619 4459 nimirums
642 4409 668 4457 in
685 4410 750 4458 Festa
801 4414 846 4461 bus
866 4410 939 4461 sacris
957 4410 1065 4460 seminini
1084 4408 1177 4475 generis
1197 4407 1301 4459 victime

251 4480 296 4531 lib.
307 4481 341 4530 ir.
351 4498 402 4531 ver.
410 4484 474 4532 6⁴5:
801 4486 905 4553 potiores
916 4495 978 4534 sunt.

282 4556 417 4622 &perages
431 4559 511 4619 prior&
524 4558 752 4623 domiassmsolledot
834 4561 875 4608 32.
898 4558 997 4607 inducto
1023 4560 1064 4605 nib
1089 4554 1165 4619 pella]
1196 4560 1304 4606 Adducto
1369 4556 1373 4569 '

315 4632 434 4681 interiit.
629 4632 719 4681 llsrns.
802 4631 884 4697 scripti
907 4631 955 4680 iere
978 4638 1177 4692 omncsprecte:
1202 4629 1237 4679 sic
1258 4634 1301 4680 orl-
