3609 5967
511 738 582 805 496
810 734 850 799 P.
875 732 1037 800 OVIDII
1062 732 1276 801 NASONIS

512 911 667 1012 Quique
684 920 771 985 tuas
789 908 931 1009 pariter
946 909 1135 1007 lacrymas
1152 918 1379 1007 nostrasque
1396 912 1552 1000 videret,

562 1029 748 1104 Pessuros
766 1050 918 1129 poenem
936 1026 1109 1101 crederet
1125 1050 1213 1100 esse
1229 1026 1338 1101 duos.
1512 1036 1563 1104 26
1590 1114 1598 1122 ,

512 1146 653 1223 Lenem
671 1155 710 1221 te
727 1143 874 1219 miseris
893 1142 1027 1240 genuit
1043 1154 1191 1230 natura,
1210 1166 1282 1216 nec
1299 1143 1367 1216 ulli

559 1262 693 1337 Mitius
713 1259 921 1357 ingenium,
939 1282 1055 1357 quam
1073 1258 1156 1345 tibi,
1173 1258 1305 1345 Brute,
1323 1258 1452 1333 dedit:

512 1379 577 1465 Ut,
597 1378 663 1476 qui
681 1377 775 1476 quid
792 1377 919 1451 valeas
937 1376 1085 1473 ignoret
1102 1374 1229 1449 Marte
1248 1374 1399 1463 forensi,

560 1494 681 1569 Posse
699 1503 766 1565 tuo
784 1492 914 1590 peragi
931 1491 996 1566 vix
1014 1501 1124 1589 putet
1141 1516 1205 1566 ore
1224 1514 1323 1566 reos.
1509 1498 1561 1566 30

511 1609 668 1684 Scilicet
685 1608 857 1705 ejusdcm
875 1619 947 1694 cst,
967 1608 1140 1705 quamvis
1157 1631 1328 1707 pugnare
1345 1608 1503 1695 videtur,

562 1722 810 1825 Supplicibus
828 1722 992 1811 facilem,
1012 1723 1186 1797 sontibus
1203 1748 1290 1799 esse
1306 1732 1471 1813 trucem3

511 1840 639 1925 Quum
657 1840 726 1914 tibi
745 1848 927 1939 suscepte
943 1850 1003 1913 est
1020 1840 1116 1936 legis
1133 1839 1303 1915 vindicta
1318 1866 1469 1927 severae,

560 1956 689 2031 Verba
703 1956 807 2030 velut
825 1954 986 2029 tinctum
1004 1954 1156 2052 singula
1170 1956 1271 2030 virus
1289 1957 1445 2032 habent.
1504 1961 1510 1967 '

513 2070 698 2147 Hostibus
717 2067 878 2159 eveniat,
899 2096 1015 2171 quem
1034 2072 1087 2145 sis
1103 2072 1290 2147 violentus
1308 2073 1347 2145 in
1364 2073 1476 2147 armis
1512 2076 1564 2145 35

562 2188 725 2275 Sentire,
745 2198 785 2263 et
799 2189 938 2285 lingue
956 2188 1035 2262 tela
1050 2187 1177 2261 subire
1194 2198 1291 2277 tuae3

510 2304 606 2390 Quae
622 2304 692 2379 tibi
711 2314 788 2379 tam
807 2306 914 2379 tenui
930 2328 1023 2378 cura
1039 2305 1230 2390 limantur,
1250 2313 1293 2376 ut
1308 2327 1440 2377 omnes

561 2420 677 2495 Istius
697 2420 890 2517 ingenium
905 2420 1071 2520 corporis
1089 2444 1175 2494 esse
1192 2430 1345 2515 negent.

512 2535 577 2623 At,
597 2536 629 2610 si
647 2560 763 2635 quem
781 2538 868 2612 laedi
886 2535 1038 2613 fortuna
1054 2536 1177 2613 cernis
1196 2535 1338 2633 iniqua,

563 2651 716 2727 Mollior
733 2662 793 2728 est
810 2653 937 2728 animo
953 2652 1094 2727 semina
1111 2652 1216 2726 nulla
1232 2661 1311 2725 tuo.
1512 2657 1564 2725 40

513 2764 598 2842 Hoc
616 2794 688 2866 ego
705 2768 896 2869 praecipue
914 2768 1029 2856 sensi,
1046 2793 1164 2867 quum
1178 2791 1321 2865 magna
1336 2792 1503 2841 meorum

454 2880 459 2891 “
564 2884 749 2959 Notitiam
768 2910 855 2985 pars
873 2896 934 2961 est
950 2885 1119 2959 inficiata
1134 2885 1222 2959 mei.

512 3000 716 3076 Immemor
734 3002 896 3088 illorum,
916 3001 1030 3077 vestri
1048 3026 1123 3075 non
1141 3000 1338 3074 immemor
1355 3023 1535 3097 unquam,

561 3114 637 3201 Qui
656 3118 755 3193 male
773 3118 924 3193 solliciti
943 3110 1073 3193 nostra
1088 3116 1254 3203 levastis,
1273 3139 1351 3189 cro.
1428 3140 1438 3165 i

512 3232 563 3309 Et
580 3234 697 3334 prius,
716 3234 794 3329 heu
812 3236 921 3308 nobis
939 3233 1097 3309 nimium
1114 3231 1394 3307 conterminus!
1424 3228 1522 3303 Ister

562 3349 608 3423 In
626 3361 742 3451 caput
760 3350 912 3426 Euxino
930 3352 978 3426 de
995 3374 1099 3425 mare
1116 3358 1239 3425 vertet
1256 3348 1348 3438 iter;
1512 3349 1561 3418 46

512 3464 644 3562 thue
662 3465 864 3565 Thyesteae
881 3468 1038 3550 redeant
1055 3467 1087 3539 si
1105 3476 1277 3564 tempora
1292 3487 1447 3549 mensae,

563 3581 662 3656 Solis
681 3581 729 3657 ad
748 3580 849 3657 ans
867 3607 1001 3657 currus
1018 3591 1152 3679 agetur
1169 3603 1310 3677 aquas;

542 3782 583 3830 30.
601 3781 667 3831 Pom
681 3782 783 3847 perage]
800 3784 874 3833 Posse
895 3782 1013 3834 damnari.
1063 3788 1182 3829 tenuntur
1203 3786 1228 3829 et
1254 3786 1375 3846 petuntur.
1420 3777 1476 3826 Ten
1499 3780 1563 3825 onus

510 3856 645 3903 limenun
656 3856 742 3905 dicitnr
751 3861 840 3923 peragi,
851 3873 926 3923 quum
937 3858 1012 3907 elicu-
1062 3870 1129 3903 estro.
1164 3854 1225 3903 Tem
1248 3849 1332 3902 subtili
1354 3850 1485 3915 diligent'n.
1529 3851 1563 3899 Ut

505 3929 547 3993 jus
561 3928 697 3992 eloquentie
712 3929 847 3979 damnetur.
883 3932 926 3979 Vix
938 3942 1012 3992 pratu.
1062 3945 1135 3978 cnm
1145 3932 1348 3994 inieringenien.
1381 3927 1417 3976 Ut
1426 3942 1515 3984 omnes,
1525 3925 1561 3975 in·

509 4000 558 4051 vix
571 3999 703 4050 existimet:
721 4002 780 4067 qnia
790 4002 872 4053 vident
885 4012 910 4052 te
925 4013 1012 4054 natura
1062 4004 1123 4070 quit,
1134 4004 1279 4053 arbitrentur
1292 4018 1341 4051 non
1352 4001 1382 4050 td
1393 4002 1443 4051 fleri
1458 4010 1499 4050 tno
1510 4016 1560 4049 oot-

509 4074 592 4123 mitem
603 4083 628 4124 et
638 4074 703 4141 pium
711 4075 809 4126 miseris.
832 4077 938 4127 Tuom.
957 4079 1011 4129 Tne
1061 4094 1127 4145 pore,
1137 4085 1164 4128 et
1178 4077 1282 4127 bumeno
1297 4075 1402 4143 ingenio,
1416 4076 1457 4125 sed
1474 4076 1562 4125 rin'bu

509 4148 653 4214 eloquentie.
1061 4161 1087 4201 et
1096 4152 1194 4218 ingenio
1203 4152 1292 4202 divino

542 4224 583 4273 ³4.
607 4223 700 4272 Habent
720 4224 784 4273 velut
805 4226 869 4273 olm
890 4226 1010 4289 tinctum]
1093 4228 1134 4275 47.
1154 4225 1355 4291 thul'lyaeteae
1369 4226 1559 4274 redametu-

509 4300 546 4349 Ex
562 4313 610 4363 quo
626 4312 713 4363 magne
728 4306 765 4349 ert
781 4298 833 4348 lons
850 4298 929 4356 Bruti,
944 4302 1008 4365 quod
1057 4316 1116 4361 poro
1128 4300 1232 4364 mre]
1251 4302 1321 4356 Ante,
1333 4297 1428 4349 ruenti
1442 4295 1560 4347 enirn-

510 4381 577 4422 tnrtt
591 4380 627 4421 est
642 4373 693 4438 ejus
709 4370 854 4439 eloquentie,
865 4380 892 4421 nt
902 4372 928 4421 in
937 4389 1009 4423 eccu-
1058 4374 1138 4435 cosin
1165 4374 1236 4423 molti
1263 4372 1314 4432 atii,
1340 4375 1426 4438 sune
1470 4372 1560 4438 Opim
1663 4447 1667 4451 ι

508 4446 589 4497 nodis
601 4447 649 4496 ,reis
664 4444 761 4513 singula
771 4448 844 4498 verbu
856 4448 949 4496 sintita
958 4448 1009 4497 effi·
1058 4448 1240 4515 custigandmn:

508 4520 584 4577 cneio,
593 4528 622 4570 nt
632 4520 758 4572 rideantur
767 4538 859 4573 veneno
869 4520 939 4571 illio.
1093 4524 1161 4580 Ante.
1174 4522 1286 4587 Thym
1295 4525 1394 4573 meost
1404 4538 1446 4572 ece
1460 4531 1557 4583 tcum

542 4594 583 4645 ³7.
617 4594 673 4650 Quo
702 4596 837 4659 limantem]
872 4597 933 4655 Qun
961 4597 1009 4649 toln
1123 4612 1212 4655 nm,
