3609 5967
512 760 579 827 soa
798 728 1273 827 ·r.ov1nu'1uasou1s

515 934 676 1035 Templa
692 936 827 1010 domus
844 934 951 1009 vobis
968 934 1110 1009 faciant
1127 934 1318 1034 urbesque
1331 936 1478 1013 beate:

567 1049 673 1125 Naso
690 1050 768 1125 suis
785 1050 935 1150 opibus,
953 1049 1131 1137 carmine,
1150 1062 1281 1147 gratus
1298 1052 1384 1126 erit.

516 1165 639 1243 Parva
650 1168 805 1266 quidem
820 1167 941 1241 fateor
954 1190 1022 1265 pro
1036 1165 1183 1263 magnis
1198 1190 1357 1241 munera
1370 1168 1488 1257 reddi,
1515 1174 1567 1243 35

567 1264 695 1367 Quim
713 1307 780 1382 pro
798 1304 983 1381 concessa
998 1280 1115 1355 verba
1131 1282 1253 1356 salute
1270 1283 1418 1357 damus.

518 1398 596 1473 Sed
614 1399 692 1497 qui,
709 1424 825 1498 quam
841 1398 977 1498 potuit,
992 1398 1061 1472 dat
1074 1397 1253 1491 maxima,
1268 1410 1400 1496 gratus
1414 1401 1565 1477 abunde

568 1513 619 1590 Et
635 1516 750 1591 finem
768 1516 890 1616 pictas
907 1514 1068 1611 contigit
1085 1514 1151 1589 illa
1166 1538 1292 1591 suum.
1464 1520 1562 1614 [cst;

518 1630 614 1719 Nec,
634 1656 720 1730 quae
736 1633 786 1707 de
804 1655 920 1731 parva
937 1631 1008 1705 Dis
1026 1654 1172 1731 pauper
1188 1631 1284 1706 libat
1300 1656 1441 1722 acerra,

566 1745 668 1823 'l'ura
681 1748 817 1838 minus,
829 1748 962 1847 grandi
977 1771 1094 1847 quam
1104 1748 1194 1823 data
1207 1748 1328 1835 lance,
1340 1750 1487 1825 valent:
1514 1756 1565 1825 40

517 1862 704 1963 Agnaque
719 1876 797 1941 tam
809 1867 969 1952 lactens,
985 1890 1102 1964 quam
1115 1864 1284 1961 gramine
1295 1876 1407 1965 pasta
1418 1866 1566 1941 Falisco

566 1980 744 2069 Victima,
764 1982 946 2083 Tarpeios
965 1982 1085 2057 inficit
1102 1981 1179 2055 icta
1194 1981 1313 2055 focos.

518 2094 553 2167 N
558 2119 601 2170 ec
620 2109 760 2186 tamen,
779 2098 902 2173 officio
919 2108 1047 2173 vatum
1064 2121 1133 2198 per
1149 2098 1317 2173 carmina
1332 2098 1444 2189 facto,

567 2212 808 2313 Principibus
826 2238 886 2291 res
903 2227 965 2290 est
980 2216 1121 2312 gratior
1138 2215 1217 2290 ulla
1231 2215 1333 2289 viris.

517 2328 697 2431 Carmina
710 2341 920 2407 vestrarum
938 2343 1125 2431 peragunt
1142 2331 1331 2431 praeconia
1344 2332 1519 2407 laudum:

513 2531 517 2543 ἱ
567 2446 674 2521 Neve
689 2450 740 2522 sit
756 2459 926 2524 actorum
944 2449 1046 2525 sama
1061 2450 1207 2523 caduca
1224 2458 1370 2523 cavent.
1513 2453 1564 2521 46

517 2562 696 2639 Carmine
713 2564 756 2640 fit
771 2566 882 2641 vivax
896 2566 1037 2655 virtus3
1065 2587 1283 2665 expersque
1300 2563 1476 2661 sepulcri,

550 2678 753 2762 ,Notitiam
771 2706 864 2757 seroe
882 2682 1115 2782 posteritatis
1132 2682 1261 2757 habet.

515 2794 662 2870 Tabida
678 2797 867 2873 consumit
883 2798 1024 2873 ferrum
1041 2797 1284 2897 lapidemque
1300 2805 1492 2885 vetustas3

566 2910 759 3011 Nullaque
777 2938 838 2989 res
855 2918 978 3014 majus
996 2926 1165 3014 tempore
1182 2914 1297 2988 robur
1313 2912 1441 2987 habet.
1515 2918 1588 2987 50.

517 3028 669 3128 Scripta
681 3029 805 3106 serunt
817 3056 958 3107 annos:
979 3030 1561 3131 scriptisAgamemnonanosti3

566 3144 617 3220 Et
633 3146 808 3245 quisquis
825 3161 969 3233 contra,
985 3150 1045 3223 vel
1063 3147 1187 3234 simul,
1207 3169 1312 3219 arma
1327 3145 1428 3221 tulit.

515 3258 610 3344 Quis
621 3260 773 3337 Thebas
788 3274 1014 3363 septemque
1024 3264 1142 3337 duces
1153 3261 1236 3337 sine
1245 3261 1411 3335 carmine
1421 3273 1564 3348 nosset,

565 3375 617 3450 Et
634 3378 818 3479 quicquid
836 3391 926 3480 post
943 3382 1035 3469 haec,
1054 3378 1239 3479 quicquid
1257 3388 1297 3453 et
1314 3388 1404 3452 ante
1420 3376 1516 3451 fuit?

515 3492 566 3563 Dl
583 3516 737 3591 quoque
755 3496 997 3584 carminibus,
1016 3495 1050 3569 si
1066 3494 1124 3569 fas
1141 3506 1201 3569 est
1213 3494 1353 3580 dicere,
1373 3492 1481 3581 fiunt,
1513 3498 1564 3568 55

564 3607 764 3711 Tantaque
781 3616 962 3712 malestas
980 3636 1044 3689 ore
1061 3610 1232 3687 canentis
1248 3620 1348 3707 eget.

515 3869 557 3915 Sui
574 3873 693 3920 urrir'uttis.
709 3871 751 3920 Sui
766 3872 905 3930 sacerdotis,
923 3882 948 3923 et
964 3873 1017 3939 ejus
1065 3870 1154 3921 ocimu
1169 3867 1243 3919 etiam
1258 3867 1354 3935 scriptis
1369 3882 1411 3917 eos
1426 3870 1566 3933 omnesqui

514 3942 555 4005 qui
567 3940 597 3989 ad
609 3942 675 3991 illum
685 3944 801 4009 confugit.
1064 3960 1135 4011 opem
1153 3944 1262 3993 tulerunt
1276 3942 1386 4008 Trojnnin
1401 3952 1484 3991 oonua
1499 3943 1566 4007 Agn-

547 4017 588 4063 41.
611 4017 686 4070 Quom
709 4021 814 4082 gramine
839 4026 906 4080 ponc
926 4017 1017 4067 Falisco
1064 4033 1225 4067 memnonem.
1267 4017 1307 4065 Vct
1327 4019 1406 4066 nnat.
1429 4016 1476 4065 Vel
1491 4017 1566 4065 etiam

519 4090 636 4153 Victima]
660 4093 783 4150 Quantum
801 4091 920 4157 juvencus
940 4093 1016 4141 nutri·
1063 4106 1106 4141 ooo
1122 4107 1213 4149 ornnes,
1224 4089 1267 4156 qui
1285 4088 1565 4153 simulcnmAgamem-

515 4172 554 4211 tus
565 4164 646 4223 herba,
657 4182 710 4231 qun
721 4166 747 4213 in
757 4166 850 4215 Falisco
864 4181 921 4230 agro
931 4180 1014 4217 nasce-
1065 4181 1127 4214 none
1136 4180 1221 4213 renero
1232 4162 1263 4214 nd
1274 4179 1328 4213 eam
1338 4163 1522 4229 expeditionem.

514 4239 592 4288 batur.
1097 4238 1139 4287 5³.
1161 4236 1219 4291 Quis
1242 4237 1328 4286 Theben
1353 4246 1478 4301 septemque
1498 4241 1567 4287 duces

475 4312 479 4318 '
549 4316 589 4364 ⁴2.
608 4313 713 4376 Tarpeios
721 4312 808 4379 socon]
825 4314 898 4363 Focos
916 4313 1013 4381 anito-
1062 4312 1133 4375 sina]
1151 4311 1212 4370 Quis
1228 4310 1302 4361 etiam
1315 4311 1386 4360 sciret
1401 4310 1493 4360 bellum
1502 4312 1565 4361 Tbe-

514 4386 583 4437 linos.
617 4388 704 4453 lrfictt.
720 4386 900 4453 lingitoruore.
1006 4417 1013 4433 .
1062 4377 1198 4442 humet
1211 4392 1304 4450 septem
1318 4384 1372 4435 ‘²1¹⁰‘
1389 4384 1472 4441 dum,
1485 4384 1563 4434 Adn-

549 4464 588 4513 49.
602 4463 814 4527 Trasumennus]
826 4462 967 4528 longinqua
976 4478 1014 4512 se-
1062 4457 1563 4525 itum,1>olyuicem,1{ipponedonia,'ry-

516 4536 562 4585 ries
573 4537 694 4602 temporis,
704 4552 752 4603 qua
762 4537 841 4586 omnia
851 4545 998 4603 putrescunt.
1063 4530 1143 4589 deum,
1158 4531 1340 4599 Amphiaraum,
1355 4532 1565 4601 Pertbempnum,

548 4611 589 4658 52.
605 4611 636 4658 Et
646 4614 745 4675 quisquis
759 4610 860 4675 contra]
880 4612 912 4660 Et
926 4626 1012 4677 cogno-
1062 4613 1088 4655 et
1097 4606 1246 4673 Capaneum.
