3609 5967
504 822 644 889 ARTIS
666 822 934 889 AMATORIAE
957 824 1047 889 ΠΒ.
1070 825 1120 890 11.
1294 826 1339 893 35

301 994 485 1071 Omnibus
502 996 763 1071 Andromache
776 998 855 1071 visa
869 1006 928 1071 est
945 998 1142 1095 spatiosior
1158 1022 1286 1096 oequo:

352 1111 470 1198 UnuS,
490 1113 555 1210 qui
573 1114 758 1188 modicam
775 1112 928 1196 diceret,
949 1110 1091 1187 Hector
1108 1124 1199 1187 erat.
1261 1119 1335 1189 646

301 1224 410 1309 Quod
428 1228 525 1303 male
541 1228 627 1315 fers,
646 1230 849 1317 adsuesce;
877 1228 974 1303 feres
1000 1230 1109 1303 bene.
1137 1230 1255 1305 multa
1271 1254 1334 1305 ve·

349 1340 474 1417 Lenit:
503 1356 541 1417 at
559 1344 739 1443 incipiens
756 1344 880 1417 omnia
898 1344 1012 1417 sentit
1029 1366 1144 1418 amor.
1198 1346 1334 1440 [tustas

300 1455 400 1530 Dum
418 1482 534 1533 novus
552 1461 590 1533 in
603 1460 708 1534 viridi
727 1461 904 1535 coalescit
920 1461 1058 1535 cortice
1074 1484 1211 1548 ramus,

349 1574 551 1651 Concutiat
566 1586 736 1649 tenerum
754 1576 933 1674 quoelibet
949 1600 1050 1660 aura,
1069 1576 1191 1651 cadet.
1260 1578 1335 1651 650

300 1686 393 1763 Mox
408 1690 540 1765 eadem
556 1692 688 1778 ventis,
706 1692 826 1791 spatio
844 1692 988 1779 durata,
1007 1692 1168 1778 resistet,
1252 1707 1256 1711 “

348 1806 548 1906 Firmaque
564 1808 756 1907 adoptivas
774 1810 884 1882 arbor
899 1808 1055 1883 habebit
1070 1830 1174 1905 opes.

300 1918 443 1997 Eximit
459 1922 541 2022 ipsa
556 1925 637 1998 dies
656 1946 784 1997 omnes
802 1947 824 1997 e
840 1946 996 2021 corpore
1013 1923 1191 1997 mendas:

348 2037 534 2135 Quodque
551 2038 621 2113 suit
636 2040 778 2125 vitium,
797 2040 936 2115 desinit
952 2062 1036 2113 esse
1053 2040 1171 2113 mord.

300 2150 410 2227 Ferre
428 2178 532 2229 novae
550 2180 657 2231 nares
675 2166 863 2232 taurorum
880 2168 987 2252 terga
1003 2164 1197 2229 recusant:
1259 2156 1332 2227 665

347 2266 514 2345 Adsiduo
531 2272 691 2346 domitas
708 2284 876 2372 tempore
894 2271 988 2347 fallit
1004 2270 1107 2345 odor.

298 2381 519 2458 Nominibus
536 2386 679 2461 mollire
696 2387 785 2463 licet
801 2388 910 2463 mala.
938 2386 1044 2461 fusca
1058 2395 1222 2469 vocetur,

347 2498 496 2596 Nigrior
513 2499 665 2599 Illyrico
684 2504 744 2577 cui
761 2504 845 2602 pice
863 2503 1015 2598 sanguis
1033 2502 1115 2575 erit.

298 2612 341 2685 Si
359 2626 458 2711 paeta
473 2626 544 2701 est,
561 2615 699 2691 Veneri
716 2617 866 2693 similis:
895 2618 927 2690 si
944 2618 1052 2703 flava,
1072 2613 1263 2688 Minervae.

349 2728 408 2802 Sit
424 2730 585 2825 gracilis,
600 2732 720 2807 macie
738 2755 822 2830 quae
839 2734 937 2806 male
953 2732 1037 2805 viva
1053 2731 1123 2803 sua
1141 2740 1211 2815 est,
1258 2731 1333 2801 660

296 2883 377 2924 tamen
388 2875 430 2926 illa
440 2876 535 2934 Peneo,
547 2878 587 2942 qni
603 2894 656 2927 eam
667 2886 719 2927 ceto
729 2877 790 2927 libe·
840 2878 926 2929 Varbir
943 2888 1039 2927 tenum
1059 2875 1230 2925 honestioribus
1246 2871 1334 2941 puell·

296 2950 364 3006 ravit,
375 2958 505 3001 etuxorem
516 2950 591 3001 duxit.
625 2952 707 3002 Prano
722 2954 791 3001 mobi-
841 2952 899 3003 vitia
925 2951 1021 3017 poteris.
1053 2949 1156 3014 Iorigois
1174 2956 1211 2997 ert
1230 2946 1334 2995 lucretii

296 3024 347 3087 lia]
363 3024 457 3073 Talaria
470 3024 586 3089 designat.
619 3026 790 3075 Perseureuin
840 3020 1332 3088 loour,iv·1146.rqq.que1odumNor·

297 3098 416 3147 Mercurio
424 3098 532 3156 dilectur,
542 3098 626 3148 talaria
636 3100 667 3149 ab
678 3108 738 3149 eoet
748 3116 790 3165 pe-
839 3107 875 3148 ter
893 3098 1052 3154 emularetur,
1069 3096 1185 3161 poeticam
1204 3093 1333 3143 dictionem

295 3180 373 3220 tasum
384 3172 483 3237 accepit,
493 3182 518 3221 et
528 3174 628 3237 galeam
639 3190 687 3239 qur
694 3173 789 3225 indutus
838 3172 1006 3238 philosophico
1015 3170 1135 3221 uveriteti
1148 3169 1268 3233 ingeniosa
1276 3168 1333 3219 rub-

295 3262 325 3295 er
338 3246 434 3295 adverso
444 3262 490 3295 ooo
499 3256 590 3312 poterat
599 3247 684 3297 videri.
712 3248 788 3298 Acce·
834 3245 921 3312 jecisse
932 3244 1009 3295 libem
1018 3244 1201 3294 animadverteu

295 3321 330 3387 pit
340 3330 365 3371 et
375 3336 391 3369 a
401 3322 508 3371 Vulcano
519 3321 604 3371 falcem
616 3338 646 3371 ex
662 3322 788 3372 mamona
871 3319 922 3369 Hor
928 3320 1026 3386 feritat
1036 3320 1133 3367 baurim
1146 3320 1279 3381 plerunque
1287 3333 1330 3365 crr-

295 3394 389 3451 iacram,
399 3410 447 3459 qua
457 3394 581 3445 Medusam
593 3396 704 3461 Gorgone
716 3395 788 3447 iuter·
897 3396 977 3456 pruina
987 3395 1047 3450 σαί,

295 3468 359 3517 fecit.
390 3466 481 3517 Auctor
491 3468 555 3533 Hyg.
871 3466 902 3515 Et
917 3469 1025 3517 tribuam
1042 3482 1077 3523 ro,
1096 3480 1144 3529 φα
1162 3482 1208 3515 m
1224 3474 1279 3514 runt
1296 3466 1331 3515 bie

328 3542 384 3591 045.
409 3542 516 3591 Omnibus
536 3543 712 3605 Andromacho]
735 3541 787 3591 Aa·

296 3614 419 3664 dromacbe
436 3614 486 3663 tilia
501 3614 547 3664 fuir
562 3614 677 3665 AEktiouir
693 3615 787 3665 Theba-

297 3705 346 3739 rum
364 3689 433 3755 regis,
449 3704 553 3755 uxorque
571 3688 687 3747 Hectoris.
705 3688 786 3755 pandi
870 3718 879 3737 n
898 3694 902 3703 “
948 3726 955 3747 ,

295 3780 399 3829 corpora.

327 3840 383 3887 650.
409 3838 498 3903 Aram]
522 3838 628 3887 Servavit
651 3837 690 3887 bic
712 3839 787 3887 Poe'ta

295 3910 536 3977 diffenutim,quum
544 3911 605 3961 inter
612 3929 693 3961 aarum
703 3922 786 3962 eroru-
899 3910 1061 3977 mdoprdr:

296 3996 343 4033 ruas
369 3984 513 4037 corstituuot
533 3986 697 4035 Grammatici.
723 3986 787 4051 quod
869 3987 978 4044 Paroria,
995 3988 1090 4048 pumilio
1104 3984 1214 4051 χαρίτων
1228 3984 1265 4043 la,
1282 3994 1330 4035 roro

295 4076 341 4109 oon
352 4058 514 4117 fantasmata,
525 4059 565 4125 qui
575 4075 688 4126 sepepro
700 4058 787 4109 violen·
899 4062 1042 4110 marsal:

293 4134 350 4183 tiore
361 4142 439 4190 rento,
448 4132 564 4183 interdum
573 4133 646 4182 etiam
656 4132 787 4197 promiscua
869 4134 1157 4200 Magnumqueimmrrir,
1165 4131 1329 4193 κατάπληξις,

294 4208 338 4257 bac
349 4222 406 4257 voce
417 4209 504 4259 abusus
513 4207 705 4274 deprehenditur.
716 4208 786 4257 Dou·
897 4209 1120 4271 machanaria
1183 4238 1189 4247 -

294 4298 334 4330 ar.
351 4280 534 4346 Rectequideor
546 4279 786 4338 Doura‚aedetPro-
869 4280 951 4337 Balbo,
971 4284 1032 4345 toqui
1051 4299 1097 4329 m
1116 4282 1173 4345 quit,
1193 4277 1330 4345 rpaabllw

296 4354 381 4420 pertiur
390 4370 433 4419 pro
442 4353 608 4403 vehementiori
620 4362 689 4403 vento
698 4354 785 4420 posuit.
898 4363 971 4411 nutu,
979 4357 1067 4417 padam
1075 4362 1119 4403 ert:

289 4428 338 4477 rib.
348 4428 366 4476 i.
377 4428 443 4493 fleg.
457 4429 493 4477 1⁷.
867 4429 1024 4493 Atflogrm,·
1032 4431 1114 4486 rdiam,
1125 4426 1254 4490 loquacula»
1265 4424 1329 4489 λαμ·

329 4502 732 4564 monumemtum
743 4506 784 4551 mi·
899 4500 990 4553 rddrov
999 4503 1089 4561 rr'r,&c.
1205 4498 1296 4548 Aura.

361 4592 408 4623 aar.
665 4576 755 4625 Buarr.
866 4578 924 4625 659.
949 4576 976 4623 Si
995 4586 1054 4637 pcto
1078 4584 1118 4630 ert,
1139 4572 1220 4621 Veneri
1242 4574 1329 4631 ahda,

217 4670 226 4691 ··
327 4648 383 4698 667.
401 4648 531 4699 Nominibus
541 4652 627 4699 muira
640 4650 692 4701 tarr
701 4650 784 4713 mah]
834 4650 891 4713 dcc]
910 4650 988 4698 Iocus
997 4649 1067 4699 aeide
1077 4647 1184 4697 effectur.
1195 4645 1245 4711 egit
1254 4647 1328 4699 deri·
