<?xml version="1.0" encoding="UTF-8"?>
<!DOCTYPE html PUBLIC "-//W3C//DTD XHTML 1.0 Transitional//EN"
    "http://www.w3.org/TR/xhtml1/DTD/xhtml1-transitional.dtd">
<html xmlns="http://www.w3.org/1999/xhtml" xml:lang="en" lang="en">
 <head>
  <title>
</title>
<meta http-equiv="Content-Type" content="text/html;charset=utf-8" />
  <meta name='ocr-system' content='tesseract 3.04.00' />
  <meta name='ocr-capabilities' content='ocr_page ocr_carea ocr_par ocr_line ocrx_word'/>
</head>
<body>
  <div class='ocr_page' id='page_1' title='image "./opera02giergoog_0245.png"; bbox 0 0 3609 5967; ppageno 0'>
   <div class='ocr_carea' id='block_1_1' title="bbox 482 772 1347 869">
    <p class='ocr_par' dir='ltr' id='par_1_1' title="bbox 482 772 1347 869">
     <span class='ocr_line' id='line_1_1' title="bbox 482 772 1347 869; baseline 0.002 -30"><span class='ocrx_word' id='word_1_1' title='bbox 482 773 716 841; x_wconf 80' lang='lat' dir='ltr'>TRISTIUM</span> <span class='ocrx_word' id='word_1_2' title='bbox 740 772 831 838; x_wconf 88' lang='lat' dir='ltr'>LlB.</span> <span class='ocrx_word' id='word_1_3' title='bbox 856 772 932 837; x_wconf 83' lang='grc'><strong>111.</strong></span> <span class='ocrx_word' id='word_1_4' title='bbox 953 773 1089 839; x_wconf 87' lang='lat' dir='ltr'><strong>ELEG.</strong></span> <span class='ocrx_word' id='word_1_5' title='bbox 1115 775 1156 839; x_wconf 91' lang='lat' dir='ltr'>V.</span> <span class='ocrx_word' id='word_1_6' title='bbox 1200 866 1202 869; x_wconf 12' lang='lat' dir='ltr'>v</span> <span class='ocrx_word' id='word_1_7' title='bbox 1281 774 1347 841; x_wconf 74' lang='lat'>237</span> 
     </span>
    </p>
   </div>
   <div class='ocr_carea' id='block_1_2' title="bbox 264 944 1348 3251">
    <p class='ocr_par' dir='ltr' id='par_1_2' title="bbox 297 944 1345 1152">
     <span class='ocr_line' id='line_1_2' title="bbox 297 944 1344 1049; baseline 0.001 -26"><span class='ocrx_word' id='word_1_8' title='bbox 297 952 390 1025; x_wconf 87' lang='lat' dir='ltr'>Sum</span> <span class='ocrx_word' id='word_1_9' title='bbox 405 973 571 1049; x_wconf 88' lang='lat' dir='ltr'>quoque,</span> <span class='ocrx_word' id='word_1_10' title='bbox 585 948 722 1034; x_wconf 86' lang='lat' dir='ltr'>Chare,</span> <span class='ocrx_word' id='word_1_11' title='bbox 737 946 812 1020; x_wconf 86' lang='lat' dir='ltr'>tuis</span> <span class='ocrx_word' id='word_1_12' title='bbox 830 944 1010 1020; x_wconf 88' lang='lat' dir='ltr'>defensus</span> <span class='ocrx_word' id='word_1_13' title='bbox 1027 948 1168 1022; x_wconf 90' lang='lat' dir='ltr'>viribus</span> <span class='ocrx_word' id='word_1_14' title='bbox 1187 950 1344 1024; x_wconf 82' lang='lat' dir='ltr'>absens:</span> 
     </span>
     <span class='ocr_line' id='line_1_3' title="bbox 346 1058 1345 1152; baseline -0.001 -13"><span class='ocrx_word' id='word_1_15' title='bbox 346 1066 432 1141; x_wconf 91' lang='lat' dir='ltr'>Scis</span> <span class='ocrx_word' id='word_1_16' title='bbox 451 1067 630 1152; x_wconf 75' lang='lat' dir='ltr'>Uberum,</span> <span class='ocrx_word' id='word_1_17' title='bbox 648 1065 726 1137; x_wconf 91' lang='lat' dir='ltr'>veri</span> <span class='ocrx_word' id='word_1_18' title='bbox 745 1063 907 1137; x_wconf 87' lang='lat' dir='ltr'>nominis</span> <span class='ocrx_word' id='word_1_19' title='bbox 924 1087 1010 1138; x_wconf 90' lang='lat' dir='ltr'>esse</span> <span class='ocrx_word' id='word_1_20' title='bbox 1026 1063 1123 1138; x_wconf 90' lang='lat' dir='ltr'>loco.</span> <span class='ocrx_word' id='word_1_21' title='bbox 1342 1058 1345 1063; x_wconf 45' lang='lat'><strong>⁴</strong></span> 
     </span>
    </p>

    <p class='ocr_par' dir='ltr' id='par_1_3' title="bbox 291 1179 1348 1373">
     <span class='ocr_line' id='line_1_4' title="bbox 291 1179 1187 1281; baseline -0.001 -26"><span class='ocrx_word' id='word_1_22' title='bbox 291 1181 497 1281; x_wconf 84' lang='lat' dir='ltr'>Multaque</span> <span class='ocrx_word' id='word_1_23' title='bbox 515 1193 699 1281; x_wconf 73' lang='lat' dir='ltr'>praeterea</span> <span class='ocrx_word' id='word_1_24' title='bbox 717 1179 906 1255; x_wconf 81' lang='lat' dir='ltr'><strong>manifesti</strong></span> <span class='ocrx_word' id='word_1_25' title='bbox 925 1180 1034 1277; x_wconf 86' lang='lat' dir='ltr'>signa</span> <span class='ocrx_word' id='word_1_26' title='bbox 1050 1179 1187 1254; x_wconf 90' lang='lat' dir='ltr'>favoris</span> 
     </span>
     <span class='ocr_line' id='line_1_5' title="bbox 346 1295 1348 1373; baseline -0.006 0"><span class='ocrx_word' id='word_1_27' title='bbox 346 1299 572 1373; x_wconf 89' lang='lat' dir='ltr'>Pectoribus</span> <span class='ocrx_word' id='word_1_28' title='bbox 590 1308 702 1373; x_wconf 85' lang='lat' dir='ltr'>teneo</span> <span class='ocrx_word' id='word_1_29' title='bbox 719 1320 795 1371; x_wconf 91' lang='lat' dir='ltr'>non</span> <span class='ocrx_word' id='word_1_30' title='bbox 813 1295 963 1370; x_wconf 90' lang='lat' dir='ltr'>abitura</span> <span class='ocrx_word' id='word_1_31' title='bbox 979 1296 1087 1370; x_wconf 82' lang='lat' dir='ltr'>meis.</span> <span class='ocrx_word' id='word_1_32' title='bbox 1298 1302 1348 1368; x_wconf 84' lang='lat'>20</span> 
     </span>
    </p>

    <p class='ocr_par' dir='ltr' id='par_1_4' title="bbox 297 1410 1256 1629">
     <span class='ocr_line' id='line_1_6' title="bbox 297 1410 1256 1514; baseline -0.001 -27"><span class='ocrx_word' id='word_1_33' title='bbox 297 1415 347 1487; x_wconf 90' lang='lat' dir='ltr'>Dl</span> <span class='ocrx_word' id='word_1_34' title='bbox 365 1416 433 1490; x_wconf 90' lang='lat' dir='ltr'>tibi</span> <span class='ocrx_word' id='word_1_35' title='bbox 451 1439 565 1514; x_wconf 83' lang='lat' dir='ltr'>posse</span> <span class='ocrx_word' id='word_1_36' title='bbox 583 1426 668 1488; x_wconf 86' lang='lat' dir='ltr'>tuos</span> <span class='ocrx_word' id='word_1_37' title='bbox 686 1415 856 1487; x_wconf 83' lang='lat' dir='ltr'>tribuant</span> <span class='ocrx_word' id='word_1_38' title='bbox 872 1410 1076 1487; x_wconf 82' lang='lat' dir='ltr'>defendere</span> <span class='ocrx_word' id='word_1_39' title='bbox 1093 1437 1256 1512; x_wconf 87' lang='lat' dir='ltr'>semper,</span> 
     </span>
     <span class='ocr_line' id='line_1_7' title="bbox 348 1529 1085 1629; baseline -0.007 -24"><span class='ocrx_word' id='word_1_40' title='bbox 348 1532 455 1617; x_wconf 83' lang='lat' dir='ltr'>Quos</span> <span class='ocrx_word' id='word_1_41' title='bbox 474 1532 514 1605; x_wconf 91' lang='lat' dir='ltr'>in</span> <span class='ocrx_word' id='word_1_42' title='bbox 532 1531 689 1605; x_wconf 85' lang='lat' dir='ltr'>materia</span> <span class='ocrx_word' id='word_1_43' title='bbox 706 1529 942 1629; x_wconf 82' lang='lat' dir='ltr'>prosperiore</span> <span class='ocrx_word' id='word_1_44' title='bbox 956 1529 1085 1626; x_wconf 87' lang='lat' dir='ltr'>juves!</span> 
     </span>
    </p>

    <p class='ocr_par' dir='ltr' id='par_1_5' title="bbox 298 1644 1322 1860">
     <span class='ocr_line' id='line_1_8' title="bbox 298 1644 1280 1743; baseline 0 -23"><span class='ocrx_word' id='word_1_45' title='bbox 298 1648 339 1720; x_wconf 85' lang='lat' dir='ltr'>si</span> <span class='ocrx_word' id='word_1_46' title='bbox 357 1658 486 1721; x_wconf 83' lang='lat' dir='ltr'>tamen</span> <span class='ocrx_word' id='word_1_47' title='bbox 504 1647 658 1733; x_wconf 87' lang='lat' dir='ltr'>interea,</span> <span class='ocrx_word' id='word_1_48' title='bbox 674 1645 766 1743; x_wconf 94' lang='lat' dir='ltr'>quid</span> <span class='ocrx_word' id='word_1_49' title='bbox 784 1644 823 1718; x_wconf 90' lang='lat' dir='ltr'>in</span> <span class='ocrx_word' id='word_1_50' title='bbox 842 1645 900 1718; x_wconf 88' lang='lat' dir='ltr'>his</span> <span class='ocrx_word' id='word_1_51' title='bbox 918 1668 989 1740; x_wconf 86' lang='lat' dir='ltr'>ego</span> <span class='ocrx_word' id='word_1_52' title='bbox 1007 1645 1176 1743; x_wconf 90' lang='lat' dir='ltr'>perditus</span> <span class='ocrx_word' id='word_1_53' title='bbox 1194 1645 1280 1735; x_wconf 92' lang='lat' dir='ltr'>oris,</span> 
     </span>
     <span class='ocr_line' id='line_1_9' title="bbox 348 1761 1322 1860; baseline 0 -23"><span class='ocrx_word' id='word_1_54' title='bbox 348 1761 461 1848; x_wconf 87' lang='lat' dir='ltr'>Quod</span> <span class='ocrx_word' id='word_1_55' title='bbox 479 1774 518 1837; x_wconf 89' lang='lat' dir='ltr'>te</span> <span class='ocrx_word' id='word_1_56' title='bbox 536 1764 717 1837; x_wconf 87' lang='lat' dir='ltr'>credibile</span> <span class='ocrx_word' id='word_1_57' title='bbox 734 1772 795 1837; x_wconf 81' lang='lat' dir='ltr'>est</span> <span class='ocrx_word' id='word_1_58' title='bbox 812 1785 995 1860; x_wconf 69' lang='lat' dir='ltr'>quaerere,</span> <span class='ocrx_word' id='word_1_59' title='bbox 1016 1761 1166 1858; x_wconf 74' lang='lat' dir='ltr'>quaeris,</span> <span class='ocrx_word' id='word_1_60' title='bbox 1186 1766 1322 1859; x_wconf 78' lang='lat' dir='ltr'>agam?</span> 
     </span>
    </p>

    <p class='ocr_par' dir='ltr' id='par_1_6' title="bbox 298 1878 1347 1978">
     <span class='ocr_line' id='line_1_10' title="bbox 298 1878 1347 1978; baseline 0.003 -25"><span class='ocrx_word' id='word_1_61' title='bbox 298 1881 377 1978; x_wconf 88' lang='lat' dir='ltr'>Spe</span> <span class='ocrx_word' id='word_1_62' title='bbox 393 1880 521 1957; x_wconf 86' lang='lat' dir='ltr'>trahor</span> <span class='ocrx_word' id='word_1_63' title='bbox 537 1881 688 1977; x_wconf 83' lang='lat' dir='ltr'>exigua,</span> <span class='ocrx_word' id='word_1_64' title='bbox 708 1903 823 1978; x_wconf 83' lang='lat' dir='ltr'>quam</span> <span class='ocrx_word' id='word_1_65' title='bbox 839 1888 881 1952; x_wconf 89' lang='lat' dir='ltr'>tu</span> <span class='ocrx_word' id='word_1_66' title='bbox 901 1878 992 1950; x_wconf 89' lang='lat' dir='ltr'>mihi</span> <span class='ocrx_word' id='word_1_67' title='bbox 1009 1878 1162 1954; x_wconf 89' lang='lat' dir='ltr'>demere</span> <span class='ocrx_word' id='word_1_68' title='bbox 1180 1881 1270 1969; x_wconf 91' lang='lat' dir='ltr'>noli,</span> <span class='ocrx_word' id='word_1_69' title='bbox 1298 1887 1347 1956; x_wconf 83' lang='lat'>25</span> 
     </span>
    </p>

    <p class='ocr_par' dir='ltr' id='par_1_7' title="bbox 306 1993 1023 2095">
     <span class='ocr_line' id='line_1_11' title="bbox 306 1993 1023 2095; baseline -0.004 -22"><span class='ocrx_word' id='word_1_70' title='bbox 306 2056 328 2077; x_wconf 86' lang='grc'>,,</span> <span class='ocrx_word' id='word_1_71' title='bbox 347 1993 487 2069; x_wconf 88' lang='lat' dir='ltr'>Tristia</span> <span class='ocrx_word' id='word_1_72' title='bbox 503 1996 610 2070; x_wconf 87' lang='lat' dir='ltr'>leniri</span> <span class='ocrx_word' id='word_1_73' title='bbox 629 1996 785 2071; x_wconf 87' lang='lat' dir='ltr'>numina</span> <span class='ocrx_word' id='word_1_74' title='bbox 802 2018 916 2095; x_wconf 86' lang='lat' dir='ltr'>posse</span> <span class='ocrx_word' id='word_1_75' title='bbox 936 1995 1023 2070; x_wconf 89' lang='lat' dir='ltr'>Dei.</span> 
     </span>
    </p>

    <p class='ocr_par' dir='ltr' id='par_1_8' title="bbox 297 2111 1307 2330">
     <span class='ocr_line' id='line_1_12' title="bbox 297 2111 1307 2213; baseline 0.002 -28"><span class='ocrx_word' id='word_1_76' title='bbox 297 2111 373 2186; x_wconf 91' lang='lat' dir='ltr'>Seu</span> <span class='ocrx_word' id='word_1_77' title='bbox 390 2124 532 2188; x_wconf 85' lang='lat' dir='ltr'>temere</span> <span class='ocrx_word' id='word_1_78' title='bbox 550 2127 745 2213; x_wconf 83' lang='lat' dir='ltr'>exspecto,</span> <span class='ocrx_word' id='word_1_79' title='bbox 763 2114 841 2188; x_wconf 90' lang='lat' dir='ltr'>sive</span> <span class='ocrx_word' id='word_1_80' title='bbox 858 2112 899 2187; x_wconf 92' lang='lat' dir='ltr'>id</span> <span class='ocrx_word' id='word_1_81' title='bbox 917 2112 1136 2209; x_wconf 85' lang='lat' dir='ltr'>contingere</span> <span class='ocrx_word' id='word_1_82' title='bbox 1154 2112 1210 2186; x_wconf 91' lang='lat' dir='ltr'>fas</span> <span class='ocrx_word' id='word_1_83' title='bbox 1228 2125 1307 2199; x_wconf 90' lang='lat' dir='ltr'>est;</span> 
     </span>
     <span class='ocr_line' id='line_1_13' title="bbox 346 2227 1299 2330; baseline 0.004 -30"><span class='ocrx_word' id='word_1_84' title='bbox 346 2227 403 2302; x_wconf 80' lang='lat' dir='ltr'>Tu</span> <span class='ocrx_word' id='word_1_85' title='bbox 422 2230 526 2317; x_wconf 89' lang='lat' dir='ltr'>mihi,</span> <span class='ocrx_word' id='word_1_86' title='bbox 546 2230 648 2328; x_wconf 93' lang='lat' dir='ltr'>quod</span> <span class='ocrx_word' id='word_1_87' title='bbox 667 2230 793 2330; x_wconf 89' lang='lat' dir='ltr'>cupio,</span> <span class='ocrx_word' id='word_1_88' title='bbox 812 2230 882 2317; x_wconf 89' lang='lat' dir='ltr'>fas,</span> <span class='ocrx_word' id='word_1_89' title='bbox 901 2253 1046 2328; x_wconf 90' lang='lat' dir='ltr'>precor,</span> <span class='ocrx_word' id='word_1_90' title='bbox 1065 2254 1150 2314; x_wconf 84' lang='lat' dir='ltr'>esse</span> <span class='ocrx_word' id='word_1_91' title='bbox 1168 2231 1299 2327; x_wconf 88' lang='lat' dir='ltr'>proba.</span> 
     </span>
    </p>

    <p class='ocr_par' dir='ltr' id='par_1_9' title="bbox 297 2342 1348 2558">
     <span class='ocr_line' id='line_1_14' title="bbox 297 2342 1320 2442; baseline 0.003 -26"><span class='ocrx_word' id='word_1_92' title='bbox 297 2342 468 2442; x_wconf 82' lang='lat' dir='ltr'>Quaeque</span> <span class='ocrx_word' id='word_1_93' title='bbox 485 2344 555 2418; x_wconf 85' lang='lat' dir='ltr'>tibi</span> <span class='ocrx_word' id='word_1_94' title='bbox 573 2346 711 2441; x_wconf 78' lang='lat' dir='ltr'>lingum</span> <span class='ocrx_word' id='word_1_95' title='bbox 729 2358 790 2419; x_wconf 89' lang='lat' dir='ltr'>est</span> <span class='ocrx_word' id='word_1_96' title='bbox 805 2345 994 2432; x_wconf 86' lang='lat' dir='ltr'>facundia,</span> <span class='ocrx_word' id='word_1_97' title='bbox 1013 2342 1198 2418; x_wconf 68' lang='lat' dir='ltr'>coufer&#39;iu</span> <span class='ocrx_word' id='word_1_98' title='bbox 1216 2347 1320 2435; x_wconf 90' lang='lat' dir='ltr'>illud,</span> 
     </span>
     <span class='ocr_line' id='line_1_15' title="bbox 349 2457 1348 2558; baseline 0.006 -27"><span class='ocrx_word' id='word_1_99' title='bbox 349 2457 403 2532; x_wconf 86' lang='lat' dir='ltr'>Ut</span> <span class='ocrx_word' id='word_1_100' title='bbox 420 2459 559 2533; x_wconf 82' lang='lat' dir='ltr'>doceas</span> <span class='ocrx_word' id='word_1_101' title='bbox 576 2471 704 2534; x_wconf 91' lang='lat' dir='ltr'>votum</span> <span class='ocrx_word' id='word_1_102' title='bbox 722 2484 835 2558; x_wconf 84' lang='lat' dir='ltr'>posse</span> <span class='ocrx_word' id='word_1_103' title='bbox 852 2459 977 2534; x_wconf 88' lang='lat' dir='ltr'>valere</span> <span class='ocrx_word' id='word_1_104' title='bbox 994 2484 1135 2533; x_wconf 87' lang='lat' dir='ltr'>meum.</span> <span class='ocrx_word' id='word_1_105' title='bbox 1298 2468 1348 2537; x_wconf 90' lang='lat'>30</span> 
     </span>
    </p>

    <p class='ocr_par' dir='ltr' id='par_1_10' title="bbox 297 2562 1337 2790">
     <span class='ocr_line' id='line_1_16' title="bbox 297 2562 1337 2674; baseline 0.004 -28"><span class='ocrx_word' id='word_1_106' title='bbox 297 2573 384 2658; x_wconf 83' lang='lat' dir='ltr'>Quo</span> <span class='ocrx_word' id='word_1_107' title='bbox 402 2575 488 2671; x_wconf 88' lang='lat' dir='ltr'>quis</span> <span class='ocrx_word' id='word_1_108' title='bbox 503 2576 604 2648; x_wconf 90' lang='lat' dir='ltr'>enim</span> <span class='ocrx_word' id='word_1_109' title='bbox 621 2578 754 2674; x_wconf 85' lang='lat' dir='ltr'>major,</span> <span class='ocrx_word' id='word_1_110' title='bbox 774 2576 895 2673; x_wconf 85' lang='lat' dir='ltr'>magis</span> <span class='ocrx_word' id='word_1_111' title='bbox 913 2587 973 2650; x_wconf 89' lang='lat' dir='ltr'>est</span> <span class='ocrx_word' id='word_1_112' title='bbox 990 2575 1187 2673; x_wconf 87' lang='lat' dir='ltr'>placabilis</span> <span class='ocrx_word' id='word_1_113' title='bbox 1205 2575 1282 2664; x_wconf 87' lang='lat' dir='ltr'>irae‚</span> <span class='ocrx_word' id='word_1_114' title='bbox 1333 2562 1337 2570; x_wconf 41' lang='lat'>¹</span> 
     </span>
     <span class='ocr_line' id='line_1_17' title="bbox 350 2688 1157 2790; baseline 0.004 -28"><span class='ocrx_word' id='word_1_115' title='bbox 350 2688 400 2763; x_wconf 84' lang='lat' dir='ltr'>Et</span> <span class='ocrx_word' id='word_1_116' title='bbox 417 2690 548 2765; x_wconf 81' lang='lat' dir='ltr'>faciles</span> <span class='ocrx_word' id='word_1_117' title='bbox 566 2702 691 2765; x_wconf 90' lang='lat' dir='ltr'>motus</span> <span class='ocrx_word' id='word_1_118' title='bbox 708 2716 816 2766; x_wconf 90' lang='lat' dir='ltr'>mens</span> <span class='ocrx_word' id='word_1_119' title='bbox 833 2715 1018 2789; x_wconf 87' lang='lat' dir='ltr'>generosa</span> <span class='ocrx_word' id='word_1_120' title='bbox 1033 2691 1157 2790; x_wconf 86' lang='lat' dir='ltr'>capit:</span> 
     </span>
    </p>

    <p class='ocr_par' dir='ltr' id='par_1_11' title="bbox 264 2789 1312 3020">
     <span class='ocr_line' id='line_1_18' title="bbox 264 2789 1279 2904; baseline 0.001 -27"><span class='ocrx_word' id='word_1_121' title='bbox 264 2789 268 2797; x_wconf 43' lang='lat'>¹</span> <span class='ocrx_word' id='word_1_122' title='bbox 297 2804 468 2904; x_wconf 90' lang='lat' dir='ltr'>Corpora</span> <span class='ocrx_word' id='word_1_123' title='bbox 485 2806 725 2904; x_wconf 83' lang='lat' dir='ltr'>magnanimo</span> <span class='ocrx_word' id='word_1_124' title='bbox 743 2807 835 2880; x_wconf 84' lang='lat' dir='ltr'>satis</span> <span class='ocrx_word' id='word_1_125' title='bbox 854 2817 914 2880; x_wconf 91' lang='lat' dir='ltr'>est</span> <span class='ocrx_word' id='word_1_126' title='bbox 931 2816 1141 2904; x_wconf 88' lang='lat' dir='ltr'>prostrasse</span> <span class='ocrx_word' id='word_1_127' title='bbox 1158 2806 1279 2896; x_wconf 90' lang='lat' dir='ltr'>leoni;</span> 
     </span>
     <span class='ocr_line' id='line_1_19' title="bbox 347 2920 1312 3020; baseline 0.004 -27"><span class='ocrx_word' id='word_1_128' title='bbox 347 2920 483 3017; x_wconf 83' lang='lat' dir='ltr'>Pugna</span> <span class='ocrx_word' id='word_1_129' title='bbox 499 2946 610 2995; x_wconf 88' lang='lat' dir='ltr'>suum</span> <span class='ocrx_word' id='word_1_130' title='bbox 628 2921 755 3009; x_wconf 88' lang='lat' dir='ltr'>linem,</span> <span class='ocrx_word' id='word_1_131' title='bbox 775 2946 892 3020; x_wconf 89' lang='lat' dir='ltr'>quum</span> <span class='ocrx_word' id='word_1_132' title='bbox 906 2924 1014 3020; x_wconf 88' lang='lat' dir='ltr'>jacet</span> <span class='ocrx_word' id='word_1_133' title='bbox 1031 2921 1164 3010; x_wconf 75' lang='lat' dir='ltr'>hostie,</span> <span class='ocrx_word' id='word_1_134' title='bbox 1184 2924 1312 2998; x_wconf 86' lang='lat' dir='ltr'>habet.</span> 
     </span>
    </p>

    <p class='ocr_par' dir='ltr' id='par_1_12' title="bbox 297 3033 1347 3251">
     <span class='ocr_line' id='line_1_20' title="bbox 297 3033 1347 3137; baseline 0.008 -30"><span class='ocrx_word' id='word_1_135' title='bbox 297 3033 350 3108; x_wconf 84' lang='lat' dir='ltr'>At</span> <span class='ocrx_word' id='word_1_136' title='bbox 365 3035 490 3135; x_wconf 85' lang='lat' dir='ltr'>lupus,</span> <span class='ocrx_word' id='word_1_137' title='bbox 510 3048 550 3111; x_wconf 91' lang='lat' dir='ltr'>et</span> <span class='ocrx_word' id='word_1_138' title='bbox 566 3047 697 3137; x_wconf 88' lang='lat' dir='ltr'>turpes</span> <span class='ocrx_word' id='word_1_139' title='bbox 715 3039 858 3113; x_wconf 84' lang='lat' dir='ltr'>instant</span> <span class='ocrx_word' id='word_1_140' title='bbox 876 3039 1122 3113; x_wconf 89' lang='lat' dir='ltr'>morientibus</span> <span class='ocrx_word' id='word_1_141' title='bbox 1140 3040 1228 3127; x_wconf 87' lang='lat' dir='ltr'>ursi,</span> <span class='ocrx_word' id='word_1_142' title='bbox 1299 3046 1347 3116; x_wconf 85' lang='lat'>35</span> 
     </span>
     <span class='ocr_line' id='line_1_21' title="bbox 349 3151 1208 3251; baseline 0.002 -26"><span class='ocrx_word' id='word_1_143' title='bbox 349 3151 401 3226; x_wconf 86' lang='lat' dir='ltr'>Et</span> <span class='ocrx_word' id='word_1_144' title='bbox 417 3178 670 3251; x_wconf 86' lang='lat' dir='ltr'>quoecumque</span> <span class='ocrx_word' id='word_1_145' title='bbox 687 3154 809 3229; x_wconf 91' lang='lat' dir='ltr'>minor</span> <span class='ocrx_word' id='word_1_146' title='bbox 824 3154 1022 3230; x_wconf 83' lang='lat' dir='ltr'>nobilitate</span> <span class='ocrx_word' id='word_1_147' title='bbox 1039 3154 1119 3228; x_wconf 85' lang='lat' dir='ltr'>sera</span> <span class='ocrx_word' id='word_1_148' title='bbox 1136 3166 1208 3229; x_wconf 86' lang='lat' dir='ltr'>est.</span> 
     </span>
    </p>
   </div>
   <div class='ocr_carea' id='block_1_3' title="bbox 292 3423 1393 4603">
    <p class='ocr_par' dir='ltr' id='par_1_13' title="bbox 292 3423 1393 4603">
     <span class='ocr_line' id='line_1_22' title="bbox 297 3423 1350 3492; baseline 0.004 -20"><span class='ocrx_word' id='word_1_149' title='bbox 297 3430 345 3472; x_wconf 76' lang='lat' dir='ltr'>ret.</span> <span class='ocrx_word' id='word_1_150' title='bbox 354 3431 378 3472; x_wconf 86' lang='lat' dir='ltr'>et</span> <span class='ocrx_word' id='word_1_151' title='bbox 386 3423 479 3473; x_wconf 75' lang='lat' dir='ltr'>Bcrsm.</span> <span class='ocrx_word' id='word_1_152' title='bbox 494 3440 509 3474; x_wconf 85' lang='lat' dir='ltr'>c</span> <span class='ocrx_word' id='word_1_153' title='bbox 524 3425 612 3476; x_wconf 71' lang='lat' dir='ltr'>mser</span> <span class='ocrx_word' id='word_1_154' title='bbox 626 3426 720 3476; x_wconf 74' lang='lat' dir='ltr'>Febric·</span> <span class='ocrx_word' id='word_1_155' title='bbox 736 3425 795 3475; x_wconf 77' lang='lat' dir='ltr'>reti·</span> <span class='ocrx_word' id='word_1_156' title='bbox 846 3430 895 3485; x_wconf 76' lang='lat' dir='ltr'>bur,</span> <span class='ocrx_word' id='word_1_157' title='bbox 905 3436 933 3477; x_wconf 76' lang='lat' dir='ltr'>ut</span> <span class='ocrx_word' id='word_1_158' title='bbox 949 3426 983 3477; x_wconf 70' lang='lat' dir='ltr'>sit</span> <span class='ocrx_word' id='word_1_159' title='bbox 998 3426 1089 3483; x_wconf 78' lang='lat' dir='ltr'>Festus,</span> <span class='ocrx_word' id='word_1_160' title='bbox 1099 3424 1190 3492; x_wconf 87' lang='lat' dir='ltr'>proprie</span> <span class='ocrx_word' id='word_1_161' title='bbox 1202 3425 1234 3475; x_wconf 83' lang='lat' dir='ltr'>ad</span> <span class='ocrx_word' id='word_1_162' title='bbox 1251 3425 1309 3476; x_wconf 77' lang='lat' dir='ltr'>deos</span> <span class='ocrx_word' id='word_1_163' title='bbox 1324 3437 1350 3478; x_wconf 84' lang='lat' dir='ltr'>et</span> 
     </span>
     <span class='ocr_line' id='line_1_23' title="bbox 297 3496 1349 3567; baseline 0.006 -23"><span class='ocrx_word' id='word_1_164' title='bbox 297 3496 361 3545; x_wconf 81' lang='lat' dir='ltr'>uuit:</span> <span class='ocrx_word' id='word_1_165' title='bbox 372 3499 487 3563; x_wconf 74' lang='lat' dir='ltr'>ecplurer</span> <span class='ocrx_word' id='word_1_166' title='bbox 493 3497 528 3547; x_wconf 71' lang='lat' dir='ltr'>itt</span> <span class='ocrx_word' id='word_1_167' title='bbox 535 3500 622 3565; x_wconf 78' lang='lat' dir='ltr'>legere,</span> <span class='ocrx_word' id='word_1_168' title='bbox 628 3509 708 3550; x_wconf 81' lang='lat' dir='ltr'>mouet</span> <span class='ocrx_word' id='word_1_169' title='bbox 714 3501 796 3549; x_wconf 89' lang='lat' dir='ltr'>Burm.</span> <span class='ocrx_word' id='word_1_170' title='bbox 845 3500 984 3567; x_wconf 79' lang='lat' dir='ltr'>religionem</span> <span class='ocrx_word' id='word_1_171' title='bbox 995 3500 1112 3565; x_wconf 80' lang='lat' dir='ltr'>pcrtinet;</span> <span class='ocrx_word' id='word_1_172' title='bbox 1128 3517 1150 3548; x_wconf 86' lang='lat' dir='ltr'>v.</span> <span class='ocrx_word' id='word_1_173' title='bbox 1161 3515 1232 3566; x_wconf 80' lang='lat' dir='ltr'>supra</span> <span class='ocrx_word' id='word_1_174' title='bbox 1245 3499 1261 3550; x_wconf 83' lang='lat' dir='ltr'>i.</span> <span class='ocrx_word' id='word_1_175' title='bbox 1273 3502 1297 3549; x_wconf 80' lang='lat'>2.</span> <span class='ocrx_word' id='word_1_176' title='bbox 1307 3502 1349 3550; x_wconf 85' lang='grc'>96.</span> 
     </span>
     <span class='ocr_line' id='line_1_24' title="bbox 296 3570 1349 3640; baseline 0.005 -19"><span class='ocrx_word' id='word_1_177' title='bbox 296 3570 518 3638; x_wconf 74' lang='lat' dir='ltr'>Singultusproprie</span> <span class='ocrx_word' id='word_1_178' title='bbox 528 3573 679 3623; x_wconf 75' lang='lat' dir='ltr'>Gallinamm</span> <span class='ocrx_word' id='word_1_179' title='bbox 689 3572 796 3631; x_wconf 65' lang='lat' dir='ltr'>atinde</span> <span class='ocrx_word' id='word_1_180' title='bbox 839 3574 1049 3640; x_wconf 76' lang='lat' dir='ltr'>jmedbomines.</span> <span class='ocrx_word' id='word_1_181' title='bbox 1082 3574 1259 3624; x_wconf 53' lang='lat' dir='ltr'>sustineamus</span> <span class='ocrx_word' id='word_1_182' title='bbox 1271 3577 1312 3625; x_wconf 78' lang='lat'>39.</span> <span class='ocrx_word' id='word_1_183' title='bbox 1324 3579 1349 3626; x_wconf 79' lang='lat'>³.</span> 
     </span>
     <span class='ocr_line' id='line_1_25' title="bbox 296 3642 1349 3713; baseline 0.005 -20"><span class='ocrx_word' id='word_1_184' title='bbox 296 3644 328 3693; x_wconf 70' lang='lat' dir='ltr'>ul</span> <span class='ocrx_word' id='word_1_185' title='bbox 343 3645 462 3696; x_wconf 71' lang='lat' dir='ltr'>hominm</span> <span class='ocrx_word' id='word_1_186' title='bbox 477 3647 624 3697; x_wconf 72' lang='lat' dir='ltr'>transfertur.</span> <span class='ocrx_word' id='word_1_187' title='bbox 641 3647 673 3697; x_wconf 80' lang='lat' dir='ltr'>el.</span> <span class='ocrx_word' id='word_1_188' title='bbox 689 3648 706 3697; x_wconf 90' lang='lat' dir='ltr'>i.</span> <span class='ocrx_word' id='word_1_189' title='bbox 717 3649 742 3697; x_wconf 82' lang='grc'>3.</span> <span class='ocrx_word' id='word_1_190' title='bbox 756 3648 796 3696; x_wconf 78' lang='lat'>42.</span> <span class='ocrx_word' id='word_1_191' title='bbox 845 3651 871 3699; x_wconf 76' lang='grc' dir='ltr'>θ.</span> <span class='ocrx_word' id='word_1_192' title='bbox 887 3665 1003 3699; x_wconf 76' lang='lat' dir='ltr'>commum</span> <span class='ocrx_word' id='word_1_193' title='bbox 1021 3642 1156 3696; x_wconf 69' lang='lat' dir='ltr'>bellantium</span> <span class='ocrx_word' id='word_1_194' title='bbox 1167 3649 1212 3713; x_wconf 74' lang='lat' dir='ltr'>sar</span> <span class='ocrx_word' id='word_1_195' title='bbox 1228 3647 1297 3706; x_wconf 79' lang='lat' dir='ltr'>dixit,</span> <span class='ocrx_word' id='word_1_196' title='bbox 1314 3649 1349 3698; x_wconf 82' lang='lat' dir='ltr'>sic</span> 
     </span>
     <span class='ocr_line' id='line_1_26' title="bbox 297 3718 1393 3790; baseline 0.004 -23"><span class='ocrx_word' id='word_1_197' title='bbox 297 3718 408 3769; x_wconf 61' lang='lat' dir='ltr'>Hirrus.</span> <span class='ocrx_word' id='word_1_198' title='bbox 847 3740 942 3790; x_wconf 88' lang='lat' dir='ltr'>quoque</span> <span class='ocrx_word' id='word_1_199' title='bbox 964 3722 1038 3772; x_wconf 72' lang='lat' dir='ltr'>oud</span> <span class='ocrx_word' id='word_1_200' title='bbox 1063 3721 1136 3770; x_wconf 78' lang='lat' dir='ltr'>Trist.</span> <span class='ocrx_word' id='word_1_201' title='bbox 1148 3721 1173 3770; x_wconf 88' lang='lat' dir='ltr'>ii.</span> <span class='ocrx_word' id='word_1_202' title='bbox 1184 3724 1240 3772; x_wconf 66' lang='lat'><strong>205.</strong></span> <span class='ocrx_word' id='word_1_203' title='bbox 1252 3729 1277 3770; x_wconf 84' lang='lat' dir='ltr'>et</span> <span class='ocrx_word' id='word_1_204' title='bbox 1291 3722 1349 3771; x_wconf 77' lang='lat' dir='ltr'>alibi</span> <span class='ocrx_word' id='word_1_205' title='bbox 1392 3754 1393 3759; x_wconf 60' lang='lat'>=</span> 
     </span>
     <span class='ocr_line' id='line_1_27' title="bbox 335 3794 1348 3862; baseline 0.005 -20"><span class='ocrx_word' id='word_1_206' title='bbox 335 3795 372 3843; x_wconf 88' lang='grc'>17.</span> <span class='ocrx_word' id='word_1_207' title='bbox 405 3794 494 3844; x_wconf 76' lang='lat' dir='ltr'>Probat</span> <span class='ocrx_word' id='word_1_208' title='bbox 521 3795 674 3845; x_wconf 77' lang='lat' dir='ltr'>Burmannus</span> <span class='ocrx_word' id='word_1_209' title='bbox 700 3796 797 3862; x_wconf 83' lang='lat' dir='ltr'>Micylli</span> <span class='ocrx_word' id='word_1_210' title='bbox 847 3813 902 3847; x_wconf 85' lang='lat' dir='ltr'>cum</span> <span class='ocrx_word' id='word_1_211' title='bbox 921 3797 984 3846; x_wconf 78' lang='lat' dir='ltr'>aliis.</span> <span class='ocrx_word' id='word_1_212' title='bbox 1020 3797 1059 3845; x_wconf 89' lang='lat' dir='ltr'>Ob</span> <span class='ocrx_word' id='word_1_213' title='bbox 1077 3796 1145 3845; x_wconf 84' lang='lat' dir='ltr'>illam</span> <span class='ocrx_word' id='word_1_214' title='bbox 1160 3796 1260 3862; x_wconf 80' lang='lat' dir='ltr'>primam</span> <span class='ocrx_word' id='word_1_215' title='bbox 1279 3812 1348 3847; x_wconf 82' lang='lat' dir='ltr'>caus·</span> 
     </span>
     <span class='ocr_line' id='line_1_28' title="bbox 295 3866 1349 3936; baseline 0.003 -19"><span class='ocrx_word' id='word_1_216' title='bbox 295 3866 462 3933; x_wconf 74' lang='lat' dir='ltr'>suspicionem,</span> <span class='ocrx_word' id='word_1_217' title='bbox 478 3868 518 3918; x_wconf 84' lang='lat' dir='ltr'>hic</span> <span class='ocrx_word' id='word_1_218' title='bbox 534 3868 635 3918; x_wconf 75' lang='lat' dir='ltr'>indicari</span> <span class='ocrx_word' id='word_1_219' title='bbox 653 3869 748 3927; x_wconf 75' lang='lat' dir='ltr'>Carum,</span> <span class='ocrx_word' id='word_1_220' title='bbox 765 3869 797 3919; x_wconf 78' lang='lat' dir='ltr'>ad</span> <span class='ocrx_word' id='word_1_221' title='bbox 846 3886 898 3920; x_wconf 79' lang='lat' dir='ltr'>sam</span> <span class='ocrx_word' id='word_1_222' title='bbox 920 3872 993 3920; x_wconf 83' lang='lat' dir='ltr'>etiam</span> <span class='ocrx_word' id='word_1_223' title='bbox 1011 3870 1036 3918; x_wconf 86' lang='lat' dir='ltr'>b.</span> <span class='ocrx_word' id='word_1_224' title='bbox 1053 3869 1071 3918; x_wconf 90' lang='grc'>1.</span> <span class='ocrx_word' id='word_1_225' title='bbox 1088 3878 1160 3935; x_wconf 83' lang='lat' dir='ltr'>poeta</span> <span class='ocrx_word' id='word_1_226' title='bbox 1178 3871 1209 3919; x_wconf 87' lang='lat' dir='ltr'>de</span> <span class='ocrx_word' id='word_1_227' title='bbox 1229 3870 1349 3936; x_wconf 78' lang='lat' dir='ltr'>Augusto,</span> 
     </span>
     <span class='ocr_line' id='line_1_29' title="bbox 296 3943 1348 4011; baseline 0.003 -19"><span class='ocrx_word' id='word_1_228' title='bbox 296 3958 368 4007; x_wconf 80' lang='lat' dir='ltr'>quem</span> <span class='ocrx_word' id='word_1_229' title='bbox 387 3943 476 4009; x_wconf 71' lang='lat' dir='ltr'>scripte</span> <span class='ocrx_word' id='word_1_230' title='bbox 494 3943 563 4009; x_wconf 76' lang='lat' dir='ltr'>Elcg.</span> <span class='ocrx_word' id='word_1_231' title='bbox 584 3943 634 3994; x_wconf 80' lang='lat' dir='ltr'>xiv.</span> <span class='ocrx_word' id='word_1_232' title='bbox 652 3945 695 3994; x_wconf 88' lang='lat' dir='ltr'>lib.</span> <span class='ocrx_word' id='word_1_233' title='bbox 716 3944 749 3993; x_wconf 81' lang='lat' dir='ltr'>iv.</span> <span class='ocrx_word' id='word_1_234' title='bbox 766 3960 797 3994; x_wconf 82' lang='lat' dir='ltr'>ex</span> <span class='ocrx_word' id='word_1_235' title='bbox 846 3953 969 4011; x_wconf 75' lang='lat' dir='ltr'>tamquam</span> <span class='ocrx_word' id='word_1_236' title='bbox 989 3945 1045 4001; x_wconf 84' lang='lat' dir='ltr'>deo,</span> <span class='ocrx_word' id='word_1_237' title='bbox 1062 3944 1108 3993; x_wconf 82' lang='lat' dir='ltr'>isto</span> <span class='ocrx_word' id='word_1_238' title='bbox 1127 3943 1202 3993; x_wconf 85' lang='lat' dir='ltr'>utitur</span> <span class='ocrx_word' id='word_1_239' title='bbox 1221 3945 1348 3996; x_wconf 78' lang='lat' dir='ltr'>vocabulo.</span> 
     </span>
     <span class='ocr_line' id='line_1_30' title="bbox 292 4016 961 4084; baseline 0.006 -21"><span class='ocrx_word' id='word_1_240' title='bbox 292 4016 419 4074; x_wconf 64' lang='lat' dir='ltr'>Pontum,</span> <span class='ocrx_word' id='word_1_241' title='bbox 427 4033 458 4066; x_wconf 85' lang='lat' dir='ltr'>ne</span> <span class='ocrx_word' id='word_1_242' title='bbox 468 4017 527 4082; x_wconf 87' lang='lat' dir='ltr'>quid</span> <span class='ocrx_word' id='word_1_243' title='bbox 538 4016 613 4083; x_wconf 82' lang='lat' dir='ltr'>ipsius</span> <span class='ocrx_word' id='word_1_244' title='bbox 622 4017 725 4067; x_wconf 82' lang='lat' dir='ltr'>nominis</span> <span class='ocrx_word' id='word_1_245' title='bbox 734 4017 796 4084; x_wconf 81' lang='lat' dir='ltr'>posi-</span> <span class='ocrx_word' id='word_1_246' title='bbox 847 4018 961 4067; x_wconf 65' lang='lat' dir='ltr'>Hlarus.</span> 
     </span>
     <span class='ocr_line' id='line_1_31' title="bbox 294 4090 1348 4158; baseline 0.002 -18"><span class='ocrx_word' id='word_1_247' title='bbox 294 4090 328 4139; x_wconf 84' lang='lat' dir='ltr'>tio</span> <span class='ocrx_word' id='word_1_248' title='bbox 343 4092 379 4140; x_wconf 89' lang='lat' dir='ltr'>illi</span> <span class='ocrx_word' id='word_1_249' title='bbox 394 4091 554 4149; x_wconf 65' lang='lat' dir='ltr'>uocemuhcc</span> <span class='ocrx_word' id='word_1_250' title='bbox 571 4107 640 4141; x_wconf 73' lang='lat' dir='ltr'>unum</span> <span class='ocrx_word' id='word_1_251' title='bbox 656 4107 708 4141; x_wconf 74' lang='grc' dir='ltr'>ωε</span> <span class='ocrx_word' id='word_1_252' title='bbox 722 4092 799 4157; x_wconf 74' lang='lat' dir='ltr'>figura</span> <span class='ocrx_word' id='word_1_253' title='bbox 879 4094 921 4142; x_wconf 83' lang='lat'>³1.</span> <span class='ocrx_word' id='word_1_254' title='bbox 938 4093 1224 4157; x_wconf 73' lang='lat' dir='ltr'>Qraoqreirqueettmojor‚</span> <span class='ocrx_word' id='word_1_255' title='bbox 1235 4095 1348 4158; x_wconf 62' lang='lat' dir='ltr'>mugisse</span> 
     </span>
     <span class='ocr_line' id='line_1_32' title="bbox 295 4164 1350 4230; baseline -0.002 -16"><span class='ocrx_word' id='word_1_256' title='bbox 295 4172 402 4230; x_wconf 61' lang='lat' dir='ltr'>paetum:</span> <span class='ocrx_word' id='word_1_257' title='bbox 420 4176 446 4214; x_wconf 85' lang='lat' dir='ltr'>et</span> <span class='ocrx_word' id='word_1_258' title='bbox 459 4164 575 4215; x_wconf 76' lang='lat' dir='ltr'>Heinsius</span> <span class='ocrx_word' id='word_1_259' title='bbox 591 4165 658 4214; x_wconf 71' lang='lat' dir='ltr'>uliud</span> <span class='ocrx_word' id='word_1_260' title='bbox 674 4165 798 4216; x_wconf 73' lang='lat' dir='ltr'>deterreret</span> <span class='ocrx_word' id='word_1_261' title='bbox 845 4168 966 4230; x_wconf 71' lang='lat' dir='ltr'>ploeubilis</span> <span class='ocrx_word' id='word_1_262' title='bbox 980 4165 1042 4229; x_wconf 63' lang='lat' dir='ltr'>tra]</span> <span class='ocrx_word' id='word_1_263' title='bbox 1067 4166 1119 4221; x_wconf 75' lang='lat' dir='ltr'>Qec</span> <span class='ocrx_word' id='word_1_264' title='bbox 1134 4171 1185 4229; x_wconf 71' lang='lat' dir='ltr'>quis</span> <span class='ocrx_word' id='word_1_265' title='bbox 1200 4170 1261 4214; x_wconf 78' lang='lat' dir='ltr'>enim</span> <span class='ocrx_word' id='word_1_266' title='bbox 1277 4168 1350 4226; x_wconf 76' lang='lat' dir='ltr'>major</span> 
     </span>
     <span class='ocr_line' id='line_1_33' title="bbox 295 4238 1351 4307; baseline -0.001 -21"><span class='ocrx_word' id='word_1_267' title='bbox 295 4238 409 4288; x_wconf 82' lang='lat' dir='ltr'>indicium</span> <span class='ocrx_word' id='word_1_268' title='bbox 419 4238 444 4287; x_wconf 83' lang='lat' dir='ltr'>in</span> <span class='ocrx_word' id='word_1_269' title='bbox 454 4253 504 4288; x_wconf 76' lang='lat' dir='ltr'>rer.</span> <span class='ocrx_word' id='word_1_270' title='bbox 511 4240 552 4287; x_wconf 74' lang='lat'>42.</span> <span class='ocrx_word' id='word_1_271' title='bbox 561 4254 610 4305; x_wconf 89' lang='lat' dir='ltr'>quo</span> <span class='ocrx_word' id='word_1_272' title='bbox 620 4238 734 4291; x_wconf 69' lang='lat' dir='ltr'>edludere</span> <span class='ocrx_word' id='word_1_273' title='bbox 745 4254 796 4288; x_wconf 88' lang='lat' dir='ltr'>cre·</span> <span class='ocrx_word' id='word_1_274' title='bbox 847 4250 946 4291; x_wconf 82' lang='lat' dir='ltr'>venuste</span> <span class='ocrx_word' id='word_1_275' title='bbox 955 4240 1059 4307; x_wconf 81' lang='lat' dir='ltr'>optimus</span> <span class='ocrx_word' id='word_1_276' title='bbox 1068 4240 1202 4290; x_wconf 74' lang='lat' dir='ltr'>Vaticanus</span> <span class='ocrx_word' id='word_1_277' title='bbox 1213 4246 1238 4287; x_wconf 85' lang='lat' dir='ltr'>ct</span> <span class='ocrx_word' id='word_1_278' title='bbox 1248 4247 1296 4286; x_wconf 79' lang='lat' dir='ltr'>tres</span> <span class='ocrx_word' id='word_1_279' title='bbox 1309 4238 1351 4286; x_wconf 78' lang='lat' dir='ltr'>alii</span> 
     </span>
     <span class='ocr_line' id='line_1_34' title="bbox 295 4310 1351 4380; baseline -0.002 -20"><span class='ocrx_word' id='word_1_280' title='bbox 295 4310 372 4361; x_wconf 70' lang='lat' dir='ltr'>(lebet</span> <span class='ocrx_word' id='word_1_281' title='bbox 385 4313 417 4362; x_wconf 73' lang='lat' dir='ltr'>nd</span> <span class='ocrx_word' id='word_1_282' title='bbox 430 4312 578 4379; x_wconf 75' lang='lat' dir='ltr'>Apotheosis</span> <span class='ocrx_word' id='word_1_283' title='bbox 594 4312 714 4371; x_wconf 72' lang='lat' dir='ltr'>Herculia,</span> <span class='ocrx_word' id='word_1_284' title='bbox 724 4327 797 4378; x_wconf 73' lang='lat' dir='ltr'>quem</span> <span class='ocrx_word' id='word_1_285' title='bbox 847 4332 876 4364; x_wconf 84' lang='lat' dir='ltr'>ex</span> <span class='ocrx_word' id='word_1_286' title='bbox 887 4315 1038 4365; x_wconf 79' lang='lat' dir='ltr'>melioribus:</span> <span class='ocrx_word' id='word_1_287' title='bbox 1057 4331 1098 4380; x_wconf 90' lang='lat' dir='ltr'>pro</span> <span class='ocrx_word' id='word_1_288' title='bbox 1108 4318 1148 4364; x_wconf 81' lang='lat' dir='ltr'>r&#39;rae</span> <span class='ocrx_word' id='word_1_289' title='bbox 1158 4311 1286 4377; x_wconf 82' lang='lat' dir='ltr'>Gottorph.</span> <span class='ocrx_word' id='word_1_290' title='bbox 1297 4314 1334 4359; x_wconf 75' lang='lat' dir='ltr'>ira</span> <span class='ocrx_word' id='word_1_291' title='bbox 1340 4328 1351 4372; x_wconf 75' lang='lat'>‚-</span> 
     </span>
     <span class='ocr_line' id='line_1_35' title="bbox 295 4383 1349 4454; baseline -0.004 -18"><span class='ocrx_word' id='word_1_292' title='bbox 295 4386 375 4436; x_wconf 71' lang='lat' dir='ltr'>cm</span> <span class='ocrx_word' id='word_1_293' title='bbox 390 4386 528 4452; x_wconf 56' lang='lat' dir='ltr'>scripoenn</span> <span class='ocrx_word' id='word_1_294' title='bbox 539 4388 573 4438; x_wconf 83' lang='lat' dir='ltr'>uti</span> <span class='ocrx_word' id='word_1_295' title='bbox 586 4395 654 4454; x_wconf 69' lang='lat' dir='ltr'>potet</span> <span class='ocrx_word' id='word_1_296' title='bbox 669 4403 699 4437; x_wconf 80' lang='lat' dir='ltr'>ex</span> <span class='ocrx_word' id='word_1_297' title='bbox 716 4388 748 4437; x_wconf 87' lang='lat' dir='ltr'>iv.</span> <span class='ocrx_word' id='word_1_298' title='bbox 765 4403 795 4437; x_wconf 76' lang='lat' dir='ltr'>ex</span> <span class='ocrx_word' id='word_1_299' title='bbox 846 4389 909 4454; x_wconf 78' lang='lat' dir='ltr'>lego,</span> <span class='ocrx_word' id='word_1_300' title='bbox 919 4393 992 4454; x_wconf 75' lang='lat' dir='ltr'>magis</span> <span class='ocrx_word' id='word_1_301' title='bbox 1005 4390 1046 4437; x_wconf 79' lang='lat' dir='ltr'>hoc</span> <span class='ocrx_word' id='word_1_302' title='bbox 1059 4389 1180 4450; x_wconf 72' lang='lat' dir='ltr'>placabitis</span> <span class='ocrx_word' id='word_1_303' title='bbox 1191 4388 1227 4432; x_wconf 77' lang='lat' dir='ltr'>ira</span> <span class='ocrx_word' id='word_1_304' title='bbox 1237 4394 1283 4441; x_wconf 76' lang='lat' dir='ltr'>est;</span> <span class='ocrx_word' id='word_1_305' title='bbox 1302 4383 1349 4443; x_wconf 83' lang='lat' dir='ltr'>rel,</span> 
     </span>
     <span class='ocr_line' id='line_1_36' title="bbox 296 4456 1352 4539; baseline -0.002 -30"><span class='ocrx_word' id='word_1_306' title='bbox 296 4461 374 4511; x_wconf 74' lang='lat' dir='ltr'>Ponto</span> <span class='ocrx_word' id='word_1_307' title='bbox 384 4461 434 4510; x_wconf 66' lang='lat' dir='ltr'>xri.</span> <span class='ocrx_word' id='word_1_308' title='bbox 445 4461 471 4509; x_wconf 83' lang='grc'>7.</span> <span class='ocrx_word' id='word_1_309' title='bbox 503 4461 618 4511; x_wconf 66' lang='lat' dir='ltr'>Hesus.</span> <span class='ocrx_word' id='word_1_310' title='bbox 846 4465 991 4530; x_wconf 61' lang='lat' dir='ltr'>megistum.</span> <span class='ocrx_word' id='word_1_311' title='bbox 1015 4462 1061 4510; x_wconf 77' lang='lat' dir='ltr'>lm</span> <span class='ocrx_word' id='word_1_312' title='bbox 1072 4456 1352 4539; x_wconf 56' lang='lat' dir='ltr'>megisplacalpilispro,</span> 
     </span>
     <span class='ocr_line' id='line_1_37' title="bbox 327 4532 1014 4603; baseline 0 -20"><span class='ocrx_word' id='word_1_313' title='bbox 327 4535 369 4583; x_wconf 76' lang='lat'>27.</span> <span class='ocrx_word' id='word_1_314' title='bbox 388 4532 432 4584; x_wconf 72' lang='lat' dir='ltr'>Fur</span> <span class='ocrx_word' id='word_1_315' title='bbox 442 4535 495 4599; x_wconf 63' lang='lat' dir='ltr'>em]</span> <span class='ocrx_word' id='word_1_316' title='bbox 512 4535 567 4585; x_wconf 85' lang='lat' dir='ltr'>he</span> <span class='ocrx_word' id='word_1_317' title='bbox 575 4534 625 4585; x_wconf 82' lang='lat' dir='ltr'>lieri</span> <span class='ocrx_word' id='word_1_318' title='bbox 636 4543 722 4601; x_wconf 72' lang='lat' dir='ltr'>potest.</span> <span class='ocrx_word' id='word_1_319' title='bbox 751 4533 797 4583; x_wconf 76' lang='lat' dir='ltr'>Far</span> <span class='ocrx_word' id='word_1_320' title='bbox 846 4535 1014 4603; x_wconf 76' lang='lat' dir='ltr'>placabilioris.</span> 
     </span>
    </p>
   </div>
   <div class='ocr_carea' id='block_1_4' title="bbox 203 4607 795 4674">
    <p class='ocr_par' dir='ltr' id='par_1_14' title="bbox 203 4607 795 4674">
     <span class='ocr_line' id='line_1_38' title="bbox 203 4607 795 4674; baseline -0.005 -15"><span class='ocrx_word' id='word_1_321' title='bbox 203 4638 210 4649; x_wconf 93' lang='lat'><em>·</em></span> <span class='ocrx_word' id='word_1_322' title='bbox 294 4623 359 4666; x_wconf 77' lang='lat' dir='ltr'>vero,</span> <span class='ocrx_word' id='word_1_323' title='bbox 370 4607 439 4674; x_wconf 73' lang='lat' dir='ltr'>quasi</span> <span class='ocrx_word' id='word_1_324' title='bbox 448 4608 530 4673; x_wconf 71' lang='lat' dir='ltr'>samur</span> <span class='ocrx_word' id='word_1_325' title='bbox 544 4628 559 4659; x_wconf 83' lang='lat' dir='ltr'>a</span> <span class='ocrx_word' id='word_1_326' title='bbox 573 4612 618 4659; x_wconf 74' lang='lat' dir='ltr'>rlr&#39;r‘s</span> <span class='ocrx_word' id='word_1_327' title='bbox 627 4610 662 4657; x_wconf 71' lang='lat' dir='ltr'>vat</span> <span class='ocrx_word' id='word_1_328' title='bbox 673 4609 795 4658; x_wconf 75' lang='lat' dir='ltr'>sacerdoti-</span> 
     </span>
    </p>
   </div>
   <div class='ocr_carea' id='block_1_5' title="bbox 0 0 1812 5967">
    <p class='ocr_par' dir='ltr' id='par_1_15' title="bbox 0 0 1812 5967">
     <span class='ocr_line' id='line_1_39' title="bbox 0 0 1812 5967; baseline 0 0"><span class='ocrx_word' id='word_1_329' title='bbox 0 0 1812 5967; x_wconf 95' lang='lat' dir='ltr'> </span> 
     </span>
    </p>
   </div>
  </div>
 </body>
</html>
