3609 5967
421 784 492 849 EX
513 780 675 847 PONTO
697 778 790 845 LIB.
810 778 873 845 IV.
896 780 1128 848 Erlsrsvn

1233 786 1301 853 495

249 956 273 1031 J
276 980 337 1032 arn
354 957 470 1031 timeo
488 965 654 1030 nostram
672 953 849 1052 cuiquam
868 954 1047 1029 mandare
1065 957 1243 1034 salutem:

300 1073 433 1173 Ipsum
450 1082 570 1147 morte
588 1081 651 1145 tua
670 1070 837 1145 concidit
854 1069 1050 1145 auxilium.

249 1188 428 1287 Coeperat
444 1188 640 1285 Augustus
656 1186 826 1282 deceptae
845 1185 1041 1283 ignoscere
1058 1188 1203 1287 culpae3
1254 1196 1299 1265 15

300 1304 417 1402 Spem
435 1313 604 1378 nostram
618 1310 737 1375 terras
756 1300 1002 1398 deseruitque
1022 1303 1147 1377 simul.

246 1417 368 1504 Quale
386 1417 651 1530 tamcnpotui,
670 1418 718 1491 de
736 1416 874 1504 coelite,
894 1416 1028 1505 Brute,
1046 1421 1188 1495 recenti

296 1536 436 1611 Vestra
452 1535 583 1635 procul
602 1532 747 1632 positus
765 1554 919 1607 carmen
937 1533 976 1607 in
992 1559 1059 1609 ora
1074 1536 1177 1611 dedi.

248 1649 343 1736 Quae
361 1653 481 1751 prosit
497 1652 621 1751 pietas
639 1648 785 1723 utinam
803 1648 918 1722 mihi!
947 1649 1074 1748 sitque
1091 1654 1276 1731 malorum

296 1766 321 1841 J
323 1792 384 1841 am
402 1768 549 1855 modus,
568 1776 608 1841 et
626 1787 743 1839 sacrae
762 1763 887 1837 mitior
905 1765 960 1839 ira
976 1767 1128 1858 domus!

1246 1776 1301 1844 20

247 1884 303 1961 'l'e
321 1908 476 1982 quoque
493 1885 606 1969 idem,
626 1879 771 1979 liquido
790 1904 945 1979 possum
959 1883 1099 1980 jurare,
1118 1888 1276 1983 precari,

301 2000 336 2073 Ο
355 2000 446 2073 mibi
464 2023 539 2075 non
557 1997 674 2073 dubia
691 1996 855 2093 cognito,
876 1996 1009 2087 Brute,
1028 2002 1137 2075 nota!

250 2114 286 2189 N
290 2138 489 2213 am,quum
497 2111 851 2214 proestiterisverum
859 2112 1297 2217 mihisemperamorem3

298 2230 372 2307 Hic
390 2242 517 2307 tamen
535 2230 696 2315 adverso
709 2236 879 2326 tempore
896 2231 1015 2306 crevit
1031 2256 1147 2310 amor.

248 2496 323 2546 quum
334 2495 381 2529 nou
389 2488 470 2545 posset
483 2478 544 2529 ferre
555 2481 607 2547 ejus
616 2477 748 2529 absentiam

247 2560 273 2603 et
288 2552 408 2610 exsilium,
421 2569 469 2619 pne
486 2552 567 2602 dolore
581 2568 636 2602 eum
650 2551 748 2618 periisse

248 2634 318 2693 putat
334 2635 413 2693 poete.
445 2628 484 2676 De
497 2636 572 2676 morte
581 2624 686 2675 Maximi
699 2640 749 2674 me-

249 2700 320 2749 minit
344 2700 451 2758 Tacitus,
472 2700 540 2749 Anu.
560 2700 578 2749 i.
599 2698 638 2749 his
657 2700 748 2749 verbis:

247 2774 374 2841 “Quippe
395 2791 474 2824 mmor
497 2774 636 2831 incesserat,
659 2789 751 2840 paucos

248 2859 304 2899 ente
318 2864 421 2906 menses,
433 2848 570 2914 Augustum
589 2849 672 2899 electis
692 2864 748 2898 con-

247 2922 312 2980 sciis,
330 2930 354 2971 et
371 2923 457 2971 comite
474 2938 522 2971 uno
539 2920 613 2971 Fabio
629 2920 748 2979 Maximo,

248 2996 387 3046 Planasiam
403 3003 507 3053 vectum,
526 2995 557 3045 ad
574 2994 698 3045 visendum
714 2994 749 3044 A·

247 3072 373 3137 grippum:
391 3070 479 3119 multas
493 3069 560 3119 illinc
577 3071 695 3135 utrimque
713 3070 749 3120 ls-

249 3160 351 3208 crymas,
368 3152 393 3194 ct
412 3144 481 3209 signa
499 3143 614 3201 caritatis,
633 3159 749 3209 spemque

248 3233 279 3265 ex
297 3233 326 3267 eo
344 3218 403 3275 fore,
415 3228 442 3269 ut
455 3218 550 3283 juvenis
566 3218 693 3283 penatibus
711 3218 750 3268 avi

249 3292 396 3343 redderetur.
428 3293 498 3352 Quod
519 3292 654 3342 Maximum
682 3292 749 3343 uxori

250 3364 345 3413 Martire
357 3366 484 3431 aperuisse,
494 3366 561 3415 illurn
571 3366 654 3425 Invia,
661 3366 690 3417 C.
698 3367 724 3415 N
725 3382 750 3416 a·

250 3438 316 3487 nium
333 3438 358 3487 id
375 3439 472 3489 Caesari.
506 3442 593 3505 Neque
606 3441 682 3490 multo
698 3450 751 3507 post

250 3513 367 3563 exstincto
376 3514 492 3573 Maximo,
500 3514 600 3564 dubium
611 3531 641 3565 an
650 3516 752 3582 quesita

250 3594 333 3643 morte,
349 3586 442 3637 auditos
457 3586 483 3637 in
495 3589 577 3637 lunere
593 3588 644 3654 ejus
655 3590 751 3640 Martius

250 3660 359 3731 gemitus,
367 3671 442 3711 semet
451 3661 592 3719 incusantis,
602 3663 666 3728 quod
674 3678 756 3715 causa

251 3734 317 3784 exitii
326 3736 411 3786 manto
421 3736 513 3795 lusisset,
524 3737 589 3787 &c.”
621 3734 692 3787 Hune
705 3739 750 3805 igi·

250 3816 288 3859 tur
298 3825 405 3868 causam,
417 3812 475 3876 quie
484 3810 597 3869 Ovidius,
608 3820 690 3879 utpote
700 3822 750 3864 trun

250 3882 320 3948 longe
336 3894 447 3944 remotus,
460 3886 521 3936 scire
539 3902 586 3937 non
602 3896 689 3953 posset,
707 3897 750 3939 aut

250 3958 364 4015 etiamsi
379 3961 478 4019 sciebat,
488 3961 569 4027 pslam
583 3962 653 4012 edere
667 3963 749 4021 nollet,

251 4030 319 4097 fingit
335 4050 361 4083 se
379 4034 497 4093 dubitare,
514 4043 592 4085 utrum
609 4035 660 4101 ipse
676 4052 750 4087 causa

250 4104 314 4155 illius
332 4094 414 4157 mortis
431 4108 556 4159 exstiterit.
590 4110 639 4159 Nec
651 4110 750 4176 sueram

251 4182 318 4229 rand.
351 4183 386 4232 Ut
396 4198 531 4233 meacauss
541 4184 670 4233 morereris.

284 4257 324 4303 1³.
342 4256 465 4322 Salutem]
494 4258 548 4307 Hoc
569 4266 614 4317 est,
630 4258 704 4309 vitam
726 4269 750 4309 et

250 4327 445 4390 incolumitatem,
457 4341 492 4382 -ut
513 4332 544 4381 sit
565 4348 662 4383 sensus:
685 4334 751 4393 Quin

250 4401 323 4467 igitur
339 4404 471 4464 Maximus,
481 4406 502 4455 is
521 4407 547 4457 in
568 4422 616 4472 quo
633 4423 750 4457 summam

249 4492 316 4542 spem
330 4477 434 4543 positum
450 4480 578 4539 habebam,
590 4482 700 4539 decessit,
710 4498 750 4531 ve·

250 4565 302 4600 reor
315 4550 429 4618 deinceps
445 4552 488 4603 ulli
505 4555 607 4622 amplius
621 4570 703 4609 curam
713 4570 750 4605 sa-

250 4623 308 4674 lutis
325 4634 351 4675 et
367 4626 537 4679 incolumitatis
553 4644 612 4679 mem
630 4644 751 4679 commen·

797 2476 862 2528 dare.
896 2480 993 2532 Mrem..

833 2552 871 2603 15.
895 2554 974 2617 Culpa
995 2558 1111 2621 decepte]
1140 2558 1217 2608 Enuri
1237 2574 1301 2617 meu,

798 2624 840 2691 qui
858 2640 906 2684 me,
924 2636 966 2677 sut
989 2629 1086 2679 fnrtmse
1103 2630 1240 2695 Augustum
1258 2633 1301 2683 de·

798 2700 1012 2765 cepitcredentem
1019 2718 1058 2753 me
1065 2706 1173 2754 consulto
1180 2722 1301 2771 peccasse,

799 2789 874 2839 quum
891 2776 970 2841 potius
987 2793 1030 2842 per
1041 2776 1226 2843 imprudentium
1237 2794 1301 2831 erra-

800 2846 882 2896 verim.
916 2849 963 2898 Vel
973 2851 1302 2919 etiam,dseepraeeutpae,per

799 2920 964 2987 deceptionem
986 2933 1012 2973 et
1032 2939 1135 2974 errorem
1159 2934 1301 2992 perpetrate

799 2997 1024 3060 utquecommissre.

834 3070 872 3118 16.
889 3071 1090 3137 Sisuuldmrutt]
1103 3072 1185 3123 simut
1193 3075 1303 3125 destituit

799 3143 849 3212 ipse
861 3145 921 3193 Feb.
930 3146 1064 3195 Maximus.
1089 3147 1136 3197 Vel
1148 3158 1212 3199 certe
1222 3151 1301 3215 (quod

799 3218 875 3283 magis
892 3220 986 3285 placet)
997 3219 1132 3285 Augustum
1149 3223 1221 3272 etiam
1238 3241 1300 3274 mor·

799 3300 866 3343 tuum
882 3309 934 3343 esse
948 3294 1016 3344 dicit.
1049 3296 1125 3345 Periit
1138 3297 1203 3347 euim
1216 3299 1301 3365 quintu

799 3368 877 3417 exsilii
887 3377 964 3434 poete
975 3386 1046 3427 anno,
1055 3379 1083 3419 ut
1092 3369 1204 3422 diximus.
1235 3374 1301 3435 Spem

799 3453 908 3492 nostram.
939 3445 1012 3511 Spem
1022 3445 1119 3495 reditus.

835 3518 874 3565 17.
891 3518 1120 3584 Domesticorum]
1138 3520 1301 3586 compositum

800 3591 831 3641 de
845 3592 896 3657 ipso
907 3591 1017 3657 Augusto
1029 3592 1071 3659 qui
1085 3595 1116 3643 sd
1131 3595 1233 3661 Superos
1245 3611 1301 3645 evo·

800 3664 867 3715 lavit.
899 3666 972 3716 Man.

834 3741 872 3789 18.
889 3739 921 3788 In
939 3741 1002 3804 orm]
1025 3741 1056 3791 In
1075 3750 1229 3807 conspectum
1249 3758 1302 3792 res·

799 3820 872 3863 trum
906 3814 998 3863 Porttus
1010 3815 1100 3877 mucul.
1133 3815 1215 3879 longe
1233 3831 1302 3865 nuo·

798 3887 837 3937 bis
846 3895 958 3937 remotus.
992 3888 1061 3937 Dedi.
1092 3887 1160 3937 Misi.

834 3964 872 4012 19.
889 3963 1103 4025 Quaprosttplstas
1111 3966 1202 4011 utinm
1214 3964 1300 4027 aaut]

799 4035 848 4095 Qui
863 4051 929 4085 amor
941 4052 1010 4086 meus
1022 4052 1083 4102 erge
1092 4037 1229 4103 Augustum
1242 4038 1300 4087 mihi

799 4112 890 4161 utinum
900 4110 989 4176 prosit!

832 4186 872 4233 21.
892 4185 923 4234 Te
940 4201 1026 4248 quoqne
1043 4186 1136 4247 precari
1155 4185 1236 4248 idaim]
1264 4187 1300 4236 Te

800 4248 1036 4315 Bmtum,aTiberio
1044 4265 1069 4307 et
1077 4257 1219 4307 Germanico
1226 4259 1300 4309 etiam

799 4332 863 4383 idem
887 4340 975 4398 petere,
996 4331 1061 4397 quod
1081 4330 1170 4379 Fabius
1195 4334 1301 4396 petebat.

801 4404 848 4455 Vel
865 4406 957 4470 precari
973 4404 1036 4453 idem
1053 4403 1117 4467 quod
1133 4418 1190 4467 ego;
1206 4403 1299 4456 scilicet

801 4488 828 4529 ut
841 4494 897 4529 mea
909 4479 987 4543 pietus
1001 4475 1060 4525 mihi
1070 4476 1154 4543 prosit,
1165 4484 1193 4524 nt
1204 4477 1237 4527 eit
1249 4494 1300 4529 mo·

801 4554 847 4603 dus
860 4551 987 4610 malorum,
998 4559 1024 4600 et
1037 4561 1065 4600 ut
1076 4550 1108 4599 sit
1120 4550 1178 4611 mibi
1190 4552 1241 4618 jam
1256 4555 1300 4605 be·
1359 4594 1367 4605 .

801 4628 1006 4694 uignaCoesnrum
1017 4626 1109 4680 domus·
1157 4679 1159 4682 .
