3609 5967
506 761 572 828 428
791 760 831 826 P.
855 749 1019 825 ovlon
1054 758 1267 826 NASONIS

508 936 572 1009 Sic
590 934 669 1009 fera
685 933 963 1032 quamprimum
981 933 1116 1032 pavido
1135 934 1341 1010 Germania
1355 936 1462 1009 vultu

554 1049 655 1124 Ante
672 1048 949 1147 triurnphantes
967 1072 1075 1123 serva
1091 1046 1230 1123 feratur
1247 1074 1380 1148 equos.
1505 1057 1555 1122 40

507 1167 571 1241 Sic
590 1177 697 1265 pater
714 1166 752 1239 in
771 1164 916 1265 Pylios,
937 1162 1114 1238 Cumaeos
1132 1177 1251 1239 mater
1268 1167 1306 1239 in
1326 1190 1443 1242 annos

556 1283 715 1371 Vivant3
744 1291 785 1355 et
802 1280 926 1379 possis
943 1279 1042 1354 filius
1059 1304 1145 1356 esse
1161 1280 1240 1355 diu.

504 1399 562 1473 Tu
580 1422 746 1497 quoque,
765 1396 993 1472 conveniens
1010 1396 1154 1493 ingenti
1171 1407 1290 1496 nupta
1306 1399 1452 1485 marito,

555 1514 700 1613 Accipe
718 1537 793 1587 non
811 1513 907 1587 dura
924 1512 1107 1610 supplicis
1125 1536 1215 1586 aure
1232 1536 1378 1610 preces.

507 1630 572 1703 Sic
590 1630 659 1703 tibi
673 1629 729 1702 vir
745 1652 891 1726 sospes,
911 1626 966 1701 sic
985 1627 1062 1701 sint
1078 1651 1166 1702 cum
1184 1629 1289 1727 prole
1306 1639 1478 1728 nepotes,
1505 1633 1554 1703 45

557 1745 733 1843 Cumque
750 1744 861 1818 bonis
879 1743 1049 1830 nuribus,
1070 1767 1165 1840 quas
1183 1768 1378 1842 peperere,
1398 1769 1534 1819 nurus:

507 1861 585 1948 Sic,
605 1860 819 1964 quemdira
835 1859 905 1933 tibi
923 1859 1048 1958 rapuit
1067 1858 1285 1947 Germania,
1305 1860 1454 1935 Drusus

480 2013 485 2018 ·
555 1977 650 2052 Pars
667 1977 781 2053 fuerit
797 1988 929 2075 partus
948 1975 1028 2049 sola
1045 1975 1191 2050 caduca
1207 1976 1285 2051 tui:

507 2095 570 2169 Sic
589 2094 658 2169 tibi
678 2094 803 2168 Marte
821 2115 902 2180 su0,
922 2092 1075 2167 fraterni
1093 2090 1236 2166 funeris
1254 2093 1364 2180 ultor,

555 2211 775 2310 Purpureus
792 2210 911 2312 niveis
929 2209 1163 2283 filius‘instet
1179 2208 1302 2305 equis.
1505 2213 1554 2282 50

505 2326 673 2402 Adnuite
690 2352 714 2401 o
731 2326 885 2414 timidis,
906 2326 1106 2401 mitissima
1122 2323 1288 2413 numina,
1306 2323 1422 2398 votis!

466 2524 469 2528 ¹
556 2443 771 2517 Praesentes
790 2444 934 2542 aliquid
952 2442 1071 2542 prosit
1087 2442 1227 2517 habere
1245 2441 1372 2516 Deos!

409 2601 412 2606 ·
506 2558 670 2633 Caesaris
688 2560 850 2634 adventu
868 2571 953 2635 tuta
965 2558 1150 2658 gladiator
1167 2582 1281 2633 arena

555 2674 669 2765 Exit3
699 2685 739 2750 et
752 2676 934 2751 auxilinm
953 2701 1028 2751 non
1046 2677 1128 2752 leve
1145 2675 1271 2749 vultus
1288 2674 1415 2748 habet.

507 2789 589 2864 Nos
609 2814 763 2889 quoque
780 2803 906 2869 vestra
926 2796 1035 2892 juvet
1061 2794 1177 2892 quod,
1197 2814 1274 2890 qua
1298 2790 1399 2878 licet,
1418 2816 1484 2865 ora
1501 2792 1552 2865 vi·

654 2908 811 2998 demus;
1506 2912 1554 2983 55

556 3022 702 3099 lntrata
719 3034 778 3098 est
796 3024 952 3124 Superis
971 3026 1075 3125 qnod
1092 3024 1227 3099 domus
1245 3046 1322 3097 una
1338 3022 1472 3097 tribus.

536 3280 576 3328 to.
592 3282 654 3329 Ante
673 3281 823 3344 triumphales
840 3281 926 3345 opum]
952 3281 1005 3331 Tri·
1055 3280 1211 3338 Liviorum,
1222 3279 1391 3346 paludamento
1405 3278 1555 3346 imperatorio

502 3353 682 3413 nuptiarum
695 3352 907 3405 invetnrtioribnr.
939 3355 1004 3405 Ante
1054 3363 1206 3421 etpmpureo
1215 3353 1322 3403 indutus.

503 3440 576 3489 equor
593 3426 691 3484 tinem,
708 3428 739 3477 de
760 3429 890 3479 Germania
908 3429 1004 3479 devicta
1085 3431 1127 3479 62.
1141 3430 1200 3477 Deos
1207 3427 1349 3492 prante]
1363 3428 1475 3493 Augusti
1481 3428 1554 3479 'libe-

503 3498 649 3566 triumphum
659 3503 759 3566 agentis.
985 3495 992 3504 ’
1053 3502 1200 3552 riieth'via
1211 3501 1517 3566 imaginemmmma

536 3572 658 3638 Faueria]
677 3575 748 3624 Picta
758 3576 797 3626 rel
805 3578 899 3628 celata.
918 3579 1003 3628 Hiar.
1085 3578 1127 3626 63.
1154 3575 1249 3624 cnara
1263 3574 1389 3638 adorna]
1416 3575 1511 3625 cesare
1529 3575 1554 3624 in

535 3647 576 3695 41.
589 3649 688 3713 Pytha]
702 3648 963 3701 h.a.Nestorir.Trirt.
971 3653 1003 3702 V.
1052 3664 1149 3698 mnam
1171 3649 1295 3708 veniente3
1322 3664 1378 3697 nam
1404 3648 1555 3713 gladiatores,

504 3738 528 3770 u.
536 3721 579 3770 m.
587 3721 616 3771 P.
623 3724 645 3771 1.
655 3722 687 3772 iv.
701 3724 739 3772 10.
751 3724 850 3773 Cum
860 3724 884 3773 h.
891 3739 914 3773 e.
925 3725 1004 3789 Sibyl·
1053 3721 1096 3788 qni
1106 3723 1254 3780 servierant,
1264 3721 1330 3779 vieti,
1340 3721 1510 3786 confugiebant
1523 3722 1555 3771 ad

503 3793 534 3842 le
552 3794 657 3845 Cumara
673 3814 696 3846 v.
707 3797 776 3862 virg.
787 3800 845 3848 AEn.
854 3815 877 3848 v.
887 3799 1004 3849 321.ibi-
1052 3794 1126 3861 peder
1144 3795 1254 3852 Cereris,
1266 3804 1291 3844 et
1304 3795 1435 3845 incolumes
1448 3794 1555 3845 dimitte-

503 3882 550 3932 que
561 3867 678 3917 Servium.
712 3870 825 3920 llantur.
1053 3870 1148 3918 bantur.
1167 3868 1555 3936 Etsicouiugienteaudrtatnam,

535 3940 575 3988 49.
584 3940 622 3987 Sic
632 3943 674 3988 rior·
685 3941 764 3991 Marte
773 3960 814 3991 ruo
815 3944 925 4008 fraterni
927 3944 1003 4007 sirus·
1053 3943 1122 3993 liberi
1133 3935 1210 4000 endi,
1221 3943 1297 3993 multo
1307 3943 1383 4008 magis
1392 3943 1555 4009 confugientes

502 4014 648 4077 mauron]
672 4015 740 4063 Ultor
751 4026 775 4064 et
791 4017 869 4065 Marto
882 4016 1005 4081 ingeniose
1054 4017 1085 4066 ad
1107 4017 1184 4083 ipsum
1204 4017 1377 4084 imperatorem.
1414 4018 1507 4074 Vultur,
1529 4019 1554 4067 id

501 4096 675 4154 comparantur.
685 4106 708 4137 v.
718 4089 759 4139 Tr.
775 4090 800 4142 ii.
815 4092 872 4141 296.
885 4101 911 4140 et
927 4093 1002 4142 Octa·
1049 4091 1343 4157 estCasarirprarentia
1358 4090 1432 4140 habet
1446 4107 1554 4140 nonme

501 4161 587 4211 vienus
600 4161 625 4211 in
640 4162 689 4212 soto
705 4179 720 4212 a
737 4179 763 4213 se
779 4173 869 4214 structo
886 4165 1001 4230 tempium
1051 4163 1140 4222 dicum,
1155 4166 1198 4215 sed
1219 4181 1332 4231 magnum
1351 4165 1477 4223 auxilinm,
1497 4166 1554 4231 qnia

502 4237 589 4286 Martis
604 4237 694 4287 Ultoris
710 4239 866 4290 consecravit.
882 4258 904 4289 v.
922 4241 1003 4289 Moni·
1050 4239 1092 4289 ille
1110 4239 1232 4290 liberatur.
1269 4240 1331 4288 Tuta
1344 4242 1464 4305 gladiator
1473 4257 1554 4298 arem,

501 4319 608 4360 mentum
619 4311 780 4377 Ancyranum.
811 4310 922 4362 Tiberius
931 4313 1001 4364 ulcis·
1051 4330 1094 4379 pro
1113 4317 1159 4376 ipre
1174 4317 1295 4380 gladiator
1313 4325 1385 4373 tutus,
1402 4324 1459 4364 nota
1480 4316 1556 4381 poetis

502 4393 571 4434 eatur
583 4394 682 4435 mortem
693 4387 771 4436 fratris
780 4396 806 4436 et
815 4385 963 4453 triumphans
973 4388 1003 4438 de
1052 4389 1188 4438 metathesi.
1220 4389 1311 4438 Harsa.

502 4459 629 4510 Germanis
660 4460 752 4512 insistat
779 4461 901 4527 quadrigis
933 4461 1003 4512 albis
1085 4464 1127 4512 55.
1147 4462 1468 4526 Notqaoqueoartrajuoet]
1487 4459 1554 4510 Ordo

501 4532 720 4586 resalutat.
755 4536 868 4586 Hirrus.
1051 4544 1102 4585 est:
1115 4536 1436 4603 ·Nosqnoquejuvet,quod
1447 4535 1557 4585 videmus

534 4607 574 4654 50.
604 4608 739 4670 Purpureus
760 4610 851 4674 filiun]
885 4608 1002 4668 Tiberius,
1052 4619 1130 4661 vestra
1144 4626 1193 4670 ora,
1209 4627 1259 4677 quo
1276 4607 1347 4661 modo
1365 4610 1432 4666 licet,
1450 4608 1556 4674 imagine
