<?xml version="1.0" encoding="UTF-8"?>
<!DOCTYPE html PUBLIC "-//W3C//DTD XHTML 1.0 Transitional//EN"
    "http://www.w3.org/TR/xhtml1/DTD/xhtml1-transitional.dtd">
<html xmlns="http://www.w3.org/1999/xhtml" xml:lang="en" lang="en">
 <head>
  <title>
</title>
<meta http-equiv="Content-Type" content="text/html;charset=utf-8" />
  <meta name='ocr-system' content='tesseract 3.04.00' />
  <meta name='ocr-capabilities' content='ocr_page ocr_carea ocr_par ocr_line ocrx_word'/>
</head>
<body>
  <div class='ocr_page' id='page_1' title='image "./opera02giergoog_0210.png"; bbox 0 0 3609 5967; ppageno 0'>
   <div class='ocr_carea' id='block_1_1' title="bbox 460 747 1224 830">
    <p class='ocr_par' dir='ltr' id='par_1_1' title="bbox 460 747 1224 830">
     <span class='ocr_line' id='line_1_1' title="bbox 460 747 1224 830; baseline -0.005 -13"><span class='ocrx_word' id='word_1_1' title='bbox 460 751 565 817; x_wconf 71' lang='grc'>202.</span> <span class='ocrx_word' id='word_1_2' title='bbox 632 808 638 819; x_wconf 91' lang='grc'><em>.</em></span> <span class='ocrx_word' id='word_1_3' title='bbox 757 750 796 816; x_wconf 89' lang='grc' dir='ltr'>Ρ.</span> <span class='ocrx_word' id='word_1_4' title='bbox 821 747 1224 830; x_wconf 72' lang='lat' dir='ltr'>ovlmluusorrrs</span> 
     </span>
    </p>
   </div>
   <div class='ocr_carea' id='block_1_2' title="bbox 373 914 1512 2765">
    <p class='ocr_par' dir='ltr' id='par_1_2' title="bbox 462 914 1434 1123">
     <span class='ocr_line' id='line_1_2' title="bbox 462 914 1434 1021; baseline 0.004 -26"><span class='ocrx_word' id='word_1_5' title='bbox 462 923 603 998; x_wconf 84' lang='lat' dir='ltr'>Omnia</span> <span class='ocrx_word' id='word_1_6' title='bbox 618 914 813 1021; x_wconf 84' lang='lat' dir='ltr'>perversas</span> <span class='ocrx_word' id='word_1_7' title='bbox 830 932 992 1021; x_wconf 88' lang='lat' dir='ltr'>possunt</span> <span class='ocrx_word' id='word_1_8' title='bbox 1008 945 1248 1021; x_wconf 88' lang='lat' dir='ltr'>eorrumpere</span> <span class='ocrx_word' id='word_1_9' title='bbox 1266 935 1434 1015; x_wconf 86' lang='lat' dir='ltr'>mentes;</span> 
     </span>
     <span class='ocr_line' id='line_1_3' title="bbox 513 1039 1312 1123; baseline -0.001 -9"><span class='ocrx_word' id='word_1_10' title='bbox 513 1041 625 1114; x_wconf 84' lang='lat' dir='ltr'><strong>Stant</strong></span> <span class='ocrx_word' id='word_1_11' title='bbox 641 1056 768 1114; x_wconf 87' lang='lat' dir='ltr'>tamen</span> <span class='ocrx_word' id='word_1_12' title='bbox 785 1039 850 1114; x_wconf 84' lang='lat' dir='ltr'>illa</span> <span class='ocrx_word' id='word_1_13' title='bbox 867 1041 946 1113; x_wconf 89' lang='lat' dir='ltr'>suis</span> <span class='ocrx_word' id='word_1_14' title='bbox 962 1039 1090 1123; x_wconf 82' lang='lat' dir='ltr'>omnia</span> <span class='ocrx_word' id='word_1_15' title='bbox 1105 1050 1188 1114; x_wconf 87' lang='lat' dir='ltr'>tutu</span> <span class='ocrx_word' id='word_1_16' title='bbox 1205 1040 1312 1114; x_wconf 77' lang='lat' dir='ltr'>locis,</span> 
     </span>
    </p>

    <p class='ocr_par' dir='ltr' id='par_1_3' title="bbox 459 1155 1388 1372">
     <span class='ocr_line' id='line_1_4' title="bbox 459 1155 1388 1255; baseline 0.001 -26"><span class='ocrx_word' id='word_1_17' title='bbox 459 1155 514 1230; x_wconf 89' lang='lat' dir='ltr'>At</span> <span class='ocrx_word' id='word_1_18' title='bbox 531 1155 661 1255; x_wconf 89' lang='lat' dir='ltr'>procui</span> <span class='ocrx_word' id='word_1_19' title='bbox 679 1156 727 1230; x_wconf 85' lang='lat' dir='ltr'>ab</span> <span class='ocrx_word' id='word_1_20' title='bbox 746 1155 887 1253; x_wconf 80' lang='lat' dir='ltr'>scriptu</span> <span class='ocrx_word' id='word_1_21' title='bbox 904 1155 995 1229; x_wconf 87' lang='lat' dir='ltr'>solis</span> <span class='ocrx_word' id='word_1_22' title='bbox 1013 1155 1275 1230; x_wconf 85' lang='lat' dir='ltr'>meretricibus</span> <span class='ocrx_word' id='word_1_23' title='bbox 1294 1155 1388 1230; x_wconf 88' lang='lat' dir='ltr'>Arte</span> 
     </span>
     <span class='ocr_line' id='line_1_5' title="bbox 514 1271 1362 1372; baseline 0 -27"><span class='ocrx_word' id='word_1_24' title='bbox 514 1272 722 1346; x_wconf 89' lang='lat' dir='ltr'>Submovet</span> <span class='ocrx_word' id='word_1_25' title='bbox 739 1271 923 1368; x_wconf 80' lang='lat' dir='ltr'>ingenuus</span> <span class='ocrx_word' id='word_1_26' title='bbox 941 1273 1081 1371; x_wconf 77' lang='lat' dir='ltr'>pagiua</span> <span class='ocrx_word' id='word_1_27' title='bbox 1093 1273 1216 1372; x_wconf 88' lang='lat' dir='ltr'>primo</span> <span class='ocrx_word' id='word_1_28' title='bbox 1231 1298 1362 1347; x_wconf 90' lang='lat' dir='ltr'>nurus.</span> 
     </span>
    </p>

    <p class='ocr_par' dir='ltr' id='par_1_4' title="bbox 432 1387 1511 1579">
     <span class='ocr_line' id='line_1_6' title="bbox 432 1387 1501 1488; baseline 0 -26"><span class='ocrx_word' id='word_1_29' title='bbox 432 1431 434 1434; x_wconf 55' lang='lat'><strong>&gt;</strong></span> <span class='ocrx_word' id='word_1_30' title='bbox 461 1387 724 1486; x_wconf 84' lang='lat' dir='ltr'>Quaecumque</span> <span class='ocrx_word' id='word_1_31' title='bbox 742 1388 927 1487; x_wconf 89' lang='lat' dir='ltr'><strong>irrumpit,</strong></span> <span class='ocrx_word' id='word_1_32' title='bbox 946 1413 1022 1488; x_wconf 92' lang='lat' dir='ltr'>quo</span> <span class='ocrx_word' id='word_1_33' title='bbox 1041 1413 1116 1462; x_wconf 92' lang='lat' dir='ltr'>non</span> <span class='ocrx_word' id='word_1_34' title='bbox 1133 1389 1225 1463; x_wconf 91' lang='lat' dir='ltr'>sinit</span> <span class='ocrx_word' id='word_1_35' title='bbox 1241 1389 1294 1462; x_wconf 90' lang='lat' dir='ltr'>ire</span> <span class='ocrx_word' id='word_1_36' title='bbox 1312 1388 1501 1475; x_wconf 84' lang='lat' dir='ltr'>sacerdos,</span> 
     </span>
     <span class='ocr_line' id='line_1_7' title="bbox 511 1503 1511 1579; baseline 0.001 -3"><span class='ocrx_word' id='word_1_37' title='bbox 511 1503 690 1578; x_wconf 83' lang='lat' dir='ltr'>Protinus</span> <span class='ocrx_word' id='word_1_38' title='bbox 708 1504 779 1578; x_wconf 89' lang='lat' dir='ltr'>hoc</span> <span class='ocrx_word' id='word_1_39' title='bbox 796 1504 902 1578; x_wconf 88' lang='lat' dir='ltr'>vetiti</span> <span class='ocrx_word' id='word_1_40' title='bbox 919 1504 1085 1578; x_wconf 89' lang='lat' dir='ltr'>criminis</span> <span class='ocrx_word' id='word_1_41' title='bbox 1104 1514 1191 1579; x_wconf 81' lang='lat' dir='ltr'>acta</span> <span class='ocrx_word' id='word_1_42' title='bbox 1207 1528 1271 1578; x_wconf 85' lang='lat' dir='ltr'>rea</span> <span class='ocrx_word' id='word_1_43' title='bbox 1287 1514 1359 1578; x_wconf 88' lang='lat' dir='ltr'>est.</span> <span class='ocrx_word' id='word_1_44' title='bbox 1437 1508 1511 1577; x_wconf 88' lang='lat'>306</span> 
     </span>
    </p>

    <p class='ocr_par' dir='ltr' id='par_1_5' title="bbox 461 1618 1443 1832">
     <span class='ocr_line' id='line_1_8' title="bbox 461 1618 1443 1697; baseline -0.004 -4"><span class='ocrx_word' id='word_1_45' title='bbox 461 1619 499 1693; x_wconf 91' lang='lat' dir='ltr'>N</span> <span class='ocrx_word' id='word_1_46' title='bbox 502 1644 546 1694; x_wconf 88' lang='lat' dir='ltr'>ee</span> <span class='ocrx_word' id='word_1_47' title='bbox 564 1631 691 1694; x_wconf 85' lang='lat' dir='ltr'>tamen</span> <span class='ocrx_word' id='word_1_48' title='bbox 709 1631 769 1695; x_wconf 88' lang='lat' dir='ltr'>est</span> <span class='ocrx_word' id='word_1_49' title='bbox 785 1618 931 1695; x_wconf 85' lang='lat' dir='ltr'>facinus</span> <span class='ocrx_word' id='word_1_50' title='bbox 949 1620 1081 1697; x_wconf 89' lang='lat' dir='ltr'>molles</span> <span class='ocrx_word' id='word_1_51' title='bbox 1099 1620 1271 1694; x_wconf 86' lang='lat' dir='ltr'>evolvere</span> <span class='ocrx_word' id='word_1_52' title='bbox 1287 1640 1443 1694; x_wconf 88' lang='lat' dir='ltr'>versus:</span> 
     </span>
     <span class='ocr_line' id='line_1_9' title="bbox 511 1734 1315 1832; baseline 0 -23"><span class='ocrx_word' id='word_1_53' title='bbox 511 1735 637 1810; x_wconf 85' lang='lat' dir='ltr'>Multo</span> <span class='ocrx_word' id='word_1_54' title='bbox 653 1735 743 1809; x_wconf 89' lang='lat' dir='ltr'>licet</span> <span class='ocrx_word' id='word_1_55' title='bbox 759 1745 874 1810; x_wconf 81' lang='lat' dir='ltr'>castre</span> <span class='ocrx_word' id='word_1_56' title='bbox 891 1759 968 1809; x_wconf 88' lang='lat' dir='ltr'>non</span> <span class='ocrx_word' id='word_1_57' title='bbox 984 1734 1159 1809; x_wconf 82' lang='lat' dir='ltr'>facienda</span> <span class='ocrx_word' id='word_1_58' title='bbox 1174 1735 1315 1832; x_wconf 76' lang='lat' dir='ltr'>legant.</span> 
     </span>
    </p>

    <p class='ocr_par' dir='ltr' id='par_1_6' title="bbox 462 1850 1512 2070">
     <span class='ocr_line' id='line_1_10' title="bbox 462 1850 1262 1949; baseline -0.001 -25"><span class='ocrx_word' id='word_1_59' title='bbox 462 1851 575 1949; x_wconf 81' lang='lat' dir='ltr'>Saepe</span> <span class='ocrx_word' id='word_1_60' title='bbox 593 1850 784 1949; x_wconf 87' lang='lat' dir='ltr'>supercilii</span> <span class='ocrx_word' id='word_1_61' title='bbox 801 1850 923 1924; x_wconf 84' lang='lat' dir='ltr'>nudas</span> <span class='ocrx_word' id='word_1_62' title='bbox 941 1861 1112 1924; x_wconf 83' lang='lat' dir='ltr'>matrona</span> <span class='ocrx_word' id='word_1_63' title='bbox 1128 1851 1262 1937; x_wconf 82' lang='lat' dir='ltr'>severi,</span> 
     </span>
     <span class='ocr_line' id='line_1_11' title="bbox 512 1965 1512 2070; baseline -0.003 -29"><span class='ocrx_word' id='word_1_64' title='bbox 512 1966 564 2041; x_wconf 90' lang='lat' dir='ltr'>Et</span> <span class='ocrx_word' id='word_1_65' title='bbox 576 1966 735 2043; x_wconf 83' lang='lat' dir='ltr'>Veneris</span> <span class='ocrx_word' id='word_1_66' title='bbox 753 1977 898 2042; x_wconf 81' lang='lat' dir='ltr'>stantes</span> <span class='ocrx_word' id='word_1_67' title='bbox 917 1967 965 2041; x_wconf 86' lang='lat' dir='ltr'>ad</span> <span class='ocrx_word' id='word_1_68' title='bbox 984 1991 1104 2064; x_wconf 87' lang='lat' dir='ltr'>genus</span> <span class='ocrx_word' id='word_1_69' title='bbox 1121 1991 1245 2054; x_wconf 88' lang='lat' dir='ltr'>omne,</span> <span class='ocrx_word' id='word_1_70' title='bbox 1262 1965 1379 2040; x_wconf 89' lang='lat' dir='ltr'>videt.</span> <span class='ocrx_word' id='word_1_71' title='bbox 1437 1969 1512 2070; x_wconf 80' lang='grc'>310</span> 
     </span>
    </p>

    <p class='ocr_par' dir='ltr' id='par_1_7' title="bbox 462 2081 1367 2297">
     <span class='ocr_line' id='line_1_12' title="bbox 462 2081 1367 2182; baseline -0.002 -25"><span class='ocrx_word' id='word_1_72' title='bbox 462 2081 633 2182; x_wconf 80' lang='lat' dir='ltr'>Corpora</span> <span class='ocrx_word' id='word_1_73' title='bbox 647 2082 823 2159; x_wconf 78' lang='lat' dir='ltr'>Vestales</span> <span class='ocrx_word' id='word_1_74' title='bbox 840 2083 941 2157; x_wconf 84' lang='lat' dir='ltr'>oculi</span> <span class='ocrx_word' id='word_1_75' title='bbox 958 2084 1172 2158; x_wconf 85' lang='lat' dir='ltr'>meretricia</span> <span class='ocrx_word' id='word_1_76' title='bbox 1187 2093 1367 2172; x_wconf 82' lang='lat' dir='ltr'>cernunt3</span> 
     </span>
     <span class='ocr_line' id='line_1_13' title="bbox 513 2196 1282 2297; baseline 0 -25"><span class='ocrx_word' id='word_1_77' title='bbox 513 2198 596 2275; x_wconf 87' lang='lat' dir='ltr'>Nec</span> <span class='ocrx_word' id='word_1_78' title='bbox 614 2199 766 2274; x_wconf 90' lang='lat' dir='ltr'>domiuo</span> <span class='ocrx_word' id='word_1_79' title='bbox 783 2223 906 2297; x_wconf 87' lang='lat' dir='ltr'>poenae</span> <span class='ocrx_word' id='word_1_80' title='bbox 925 2223 985 2273; x_wconf 88' lang='lat' dir='ltr'>res</span> <span class='ocrx_word' id='word_1_81' title='bbox 1002 2222 1050 2275; x_wconf 86' lang='lat' dir='ltr'>ea</span> <span class='ocrx_word' id='word_1_82' title='bbox 1066 2221 1182 2273; x_wconf 82' lang='lat' dir='ltr'>causa</span> <span class='ocrx_word' id='word_1_83' title='bbox 1198 2196 1282 2272; x_wconf 87' lang='lat' dir='ltr'>fuit.</span> 
     </span>
    </p>

    <p class='ocr_par' dir='ltr' id='par_1_8' title="bbox 386 2311 1341 2407">
     <span class='ocr_line' id='line_1_14' title="bbox 386 2311 1341 2407; baseline -0.002 -19"><span class='ocrx_word' id='word_1_84' title='bbox 386 2400 394 2407; x_wconf 93' lang='lat'>.</span> <span class='ocrx_word' id='word_1_85' title='bbox 461 2313 515 2390; x_wconf 86' lang='lat' dir='ltr'>At</span> <span class='ocrx_word' id='word_1_86' title='bbox 531 2340 598 2390; x_wconf 90' lang='lat' dir='ltr'>cur</span> <span class='ocrx_word' id='word_1_87' title='bbox 616 2317 654 2388; x_wconf 93' lang='lat' dir='ltr'>iu</span> <span class='ocrx_word' id='word_1_88' title='bbox 672 2327 800 2391; x_wconf 87' lang='lat' dir='ltr'>nostra</span> <span class='ocrx_word' id='word_1_89' title='bbox 817 2316 935 2390; x_wconf 87' lang='lat' dir='ltr'>nimia</span> <span class='ocrx_word' id='word_1_90' title='bbox 951 2311 1011 2390; x_wconf 84' lang='lat' dir='ltr'>est</span> <span class='ocrx_word' id='word_1_91' title='bbox 1027 2314 1181 2389; x_wconf 82' lang='lat' dir='ltr'>lascivia</span> <span class='ocrx_word' id='word_1_92' title='bbox 1199 2312 1341 2389; x_wconf 74' lang='lat' dir='ltr'>Musa?</span> 
     </span>
    </p>

    <p class='ocr_par' dir='ltr' id='par_1_9' title="bbox 511 2430 1508 2532">
     <span class='ocr_line' id='line_1_15' title="bbox 511 2430 1508 2532; baseline -0.004 -26"><span class='ocrx_word' id='word_1_93' title='bbox 511 2432 636 2507; x_wconf 82' lang='lat' dir='ltr'>Curvo</span> <span class='ocrx_word' id='word_1_94' title='bbox 653 2457 760 2507; x_wconf 90' lang='lat' dir='ltr'>meus</span> <span class='ocrx_word' id='word_1_95' title='bbox 777 2433 956 2532; x_wconf 84' lang='lat' dir='ltr'>cuiquam</span> <span class='ocrx_word' id='word_1_96' title='bbox 973 2433 1109 2507; x_wconf 82' lang='lat' dir='ltr'>suadet</span> <span class='ocrx_word' id='word_1_97' title='bbox 1125 2453 1250 2506; x_wconf 80' lang='lat' dir='ltr'>amare</span> <span class='ocrx_word' id='word_1_98' title='bbox 1267 2430 1387 2503; x_wconf 73' lang='lat' dir='ltr'>liber?</span> <span class='ocrx_word' id='word_1_99' title='bbox 1435 2433 1508 2503; x_wconf 86' lang='grc'>314</span> 
     </span>
    </p>

    <p class='ocr_par' dir='ltr' id='par_1_10' title="bbox 373 2545 1510 2765">
     <span class='ocr_line' id='line_1_16' title="bbox 462 2545 1508 2647; baseline -0.004 -25"><span class='ocrx_word' id='word_1_100' title='bbox 462 2546 527 2622; x_wconf 92' lang='lat' dir='ltr'>Nil</span> <span class='ocrx_word' id='word_1_101' title='bbox 544 2548 617 2622; x_wconf 89' lang='lat' dir='ltr'>nisi</span> <span class='ocrx_word' id='word_1_102' title='bbox 636 2559 850 2647; x_wconf 86' lang='lat' dir='ltr'>peecatum,</span> <span class='ocrx_word' id='word_1_103' title='bbox 869 2548 1147 2645; x_wconf 82' lang='lat' dir='ltr'>manifestaque</span> <span class='ocrx_word' id='word_1_104' title='bbox 1171 2546 1295 2644; x_wconf 86' lang='lat' dir='ltr'>culpa,</span> <span class='ocrx_word' id='word_1_105' title='bbox 1314 2545 1508 2620; x_wconf 84' lang='lat' dir='ltr'>fatendum</span> 
     </span>
     <span class='ocr_line' id='line_1_17' title="bbox 373 2646 1510 2765; baseline -0.002 -28"><span class='ocrx_word' id='word_1_106' title='bbox 373 2646 378 2659; x_wconf 64' lang='grc'><em>’</em></span> <span class='ocrx_word' id='word_1_107' title='bbox 456 2678 460 2683; x_wconf 75' lang='grc'><em>“</em></span> <span class='ocrx_word' id='word_1_108' title='bbox 512 2662 680 2739; x_wconf 86' lang='lat' dir='ltr'>Poeuitet</span> <span class='ocrx_word' id='word_1_109' title='bbox 696 2665 835 2761; x_wconf 85' lang='lat' dir='ltr'>ingenii</span> <span class='ocrx_word' id='word_1_110' title='bbox 850 2666 1060 2765; x_wconf 86' lang='lat' dir='ltr'>judiciique</span> <span class='ocrx_word' id='word_1_111' title='bbox 1078 2663 1174 2738; x_wconf 90' lang='lat' dir='ltr'>mei:</span> <span class='ocrx_word' id='word_1_112' title='bbox 1411 2663 1510 2759; x_wconf 71' lang='lat' dir='ltr'>[esti</span> 
     </span>
    </p>
   </div>
   <div class='ocr_carea' id='block_1_3' title="bbox 459 2940 1512 3234">
    <p class='ocr_par' dir='ltr' id='par_1_11' title="bbox 459 2940 1512 3234">
     <span class='ocr_line' id='line_1_18' title="bbox 459 2940 1512 3013; baseline -0.001 -20"><span class='ocrx_word' id='word_1_113' title='bbox 459 2943 521 3000; x_wconf 84' lang='lat' dir='ltr'>nuit,</span> <span class='ocrx_word' id='word_1_114' title='bbox 532 2959 548 2993; x_wconf 83' lang='lat' dir='ltr'>u</span> <span class='ocrx_word' id='word_1_115' title='bbox 557 2961 605 3010; x_wconf 90' lang='lat' dir='ltr'>quo</span> <span class='ocrx_word' id='word_1_116' title='bbox 615 2945 763 3011; x_wconf 69' lang='lat' dir='ltr'>Corybantes</span> <span class='ocrx_word' id='word_1_117' title='bbox 773 2946 887 3013; x_wconf 72' lang='lat' dir='ltr'>appellati</span> <span class='ocrx_word' id='word_1_118' title='bbox 897 2954 961 2997; x_wconf 76' lang='lat' dir='ltr'>sunt.</span> <span class='ocrx_word' id='word_1_119' title='bbox 1010 2945 1048 2995; x_wconf 81' lang='lat' dir='ltr'>vel</span> <span class='ocrx_word' id='word_1_120' title='bbox 1055 2944 1192 3012; x_wconf 74' lang='lat' dir='ltr'>quicunque</span> <span class='ocrx_word' id='word_1_121' title='bbox 1199 2943 1295 2993; x_wconf 71' lang='lat' dir='ltr'>venales</span> <span class='ocrx_word' id='word_1_122' title='bbox 1302 2940 1512 3007; x_wconf 76' lang='lat' dir='ltr'>rueillesexponit</span> 
     </span>
     <span class='ocr_line' id='line_1_19' title="bbox 459 3017 1512 3086; baseline -0.001 -20"><span class='ocrx_word' id='word_1_123' title='bbox 459 3018 498 3066; x_wconf 84' lang='lat' dir='ltr'>Ex</span> <span class='ocrx_word' id='word_1_124' title='bbox 505 3018 519 3068; x_wconf 90' lang='lat' dir='ltr'>J</span> <span class='ocrx_word' id='word_1_125' title='bbox 523 3018 604 3068; x_wconf 80' lang='lat' dir='ltr'>esioue</span> <span class='ocrx_word' id='word_1_126' title='bbox 613 3027 693 3069; x_wconf 78' lang='lat' dir='ltr'>autem</span> <span class='ocrx_word' id='word_1_127' title='bbox 703 3029 728 3069; x_wconf 92' lang='lat' dir='ltr'>et</span> <span class='ocrx_word' id='word_1_128' title='bbox 736 3020 822 3070; x_wconf 79' lang='lat' dir='ltr'>Cerere</span> <span class='ocrx_word' id='word_1_129' title='bbox 833 3020 960 3072; x_wconf 82' lang='lat' dir='ltr'>Plutonem</span> <span class='ocrx_word' id='word_1_130' title='bbox 1009 3036 1063 3086; x_wconf 76' lang='lat' dir='ltr'>quie</span> <span class='ocrx_word' id='word_1_131' title='bbox 1072 3019 1143 3069; x_wconf 72' lang='lat' dir='ltr'>uude</span> <span class='ocrx_word' id='word_1_132' title='bbox 1153 3019 1250 3068; x_wconf 69' lang='lat' dir='ltr'>stabant</span> <span class='ocrx_word' id='word_1_133' title='bbox 1260 3026 1285 3068; x_wconf 85' lang='lat' dir='ltr'>et</span> <span class='ocrx_word' id='word_1_134' title='bbox 1295 3017 1512 3066; x_wconf 74' lang='lat' dir='ltr'>conuectubeutur.</span> 
     </span>
     <span class='ocr_line' id='line_1_20' title="bbox 460 3090 1509 3160; baseline -0.003 -18"><span class='ocrx_word' id='word_1_135' title='bbox 460 3094 642 3143; x_wconf 80' lang='lat' dir='ltr'>ustumfubuiro</span> <span class='ocrx_word' id='word_1_136' title='bbox 657 3094 761 3145; x_wconf 72' lang='lat' dir='ltr'>trudunt.</span> <span class='ocrx_word' id='word_1_137' title='bbox 794 3095 861 3153; x_wconf 83' lang='lat' dir='ltr'>Quin</span> <span class='ocrx_word' id='word_1_138' title='bbox 872 3094 897 3144; x_wconf 85' lang='lat' dir='ltr'>iu</span> <span class='ocrx_word' id='word_1_139' title='bbox 907 3112 961 3160; x_wconf 78' lang='lat' dir='ltr'>gro-</span> <span class='ocrx_word' id='word_1_140' title='bbox 1009 3091 1338 3143; x_wconf 84' lang='lat' dir='ltr'>videBurm.etHeiusiuru</span> <span class='ocrx_word' id='word_1_141' title='bbox 1355 3090 1509 3156; x_wconf 78' lang='lat' dir='ltr'>quiquidem</span> 
     </span>
     <span class='ocr_line' id='line_1_21' title="bbox 460 3164 1511 3234; baseline -0.001 -19"><span class='ocrx_word' id='word_1_142' title='bbox 460 3165 541 3216; x_wconf 83' lang='lat' dir='ltr'>tiumJ</span> <span class='ocrx_word' id='word_1_143' title='bbox 543 3167 629 3217; x_wconf 81' lang='lat' dir='ltr'>usionis</span> <span class='ocrx_word' id='word_1_144' title='bbox 639 3176 740 3225; x_wconf 79' lang='lat' dir='ltr'>constet,</span> <span class='ocrx_word' id='word_1_145' title='bbox 747 3166 857 3218; x_wconf 77' lang='lat' dir='ltr'>frumeuti</span> <span class='ocrx_word' id='word_1_146' title='bbox 867 3171 961 3234; x_wconf 81' lang='lat' dir='ltr'>cupium</span> <span class='ocrx_word' id='word_1_147' title='bbox 1009 3167 1088 3233; x_wconf 79' lang='lat' dir='ltr'>legero</span> <span class='ocrx_word' id='word_1_148' title='bbox 1102 3167 1178 3224; x_wconf 70' lang='lat' dir='ltr'>malit.</span> <span class='ocrx_word' id='word_1_149' title='bbox 1189 3166 1248 3216; x_wconf 77' lang='lat' dir='ltr'>satis</span> <span class='ocrx_word' id='word_1_150' title='bbox 1257 3181 1313 3215; x_wconf 80' lang='lat' dir='ltr'>vero</span> <span class='ocrx_word' id='word_1_151' title='bbox 1327 3165 1449 3221; x_wconf 75' lang='lat' dir='ltr'>rudecter.</span> <span class='ocrx_word' id='word_1_152' title='bbox 1462 3164 1511 3214; x_wconf 79' lang='lat' dir='ltr'>Noc</span> 
     </span>
    </p>
   </div>
   <div class='ocr_carea' id='block_1_4' title="bbox 460 3240 1595 3308">
    <p class='ocr_par' dir='ltr' id='par_1_12' title="bbox 460 3240 1595 3308">
     <span class='ocr_line' id='line_1_22' title="bbox 460 3240 1595 3308; baseline 0.004 -19"><span class='ocrx_word' id='word_1_153' title='bbox 460 3255 476 3288; x_wconf 81' lang='lat' dir='ltr'>u</span> <span class='ocrx_word' id='word_1_154' title='bbox 484 3240 571 3290; x_wconf 83' lang='lat' dir='ltr'>Cerere</span> <span class='ocrx_word' id='word_1_155' title='bbox 579 3241 641 3290; x_wconf 90' lang='lat' dir='ltr'>dono</span> <span class='ocrx_word' id='word_1_156' title='bbox 650 3240 731 3291; x_wconf 82' lang='lat' dir='ltr'>dutum</span> <span class='ocrx_word' id='word_1_157' title='bbox 742 3242 767 3290; x_wconf 82' lang='lat' dir='ltr'>iu</span> <span class='ocrx_word' id='word_1_158' title='bbox 777 3241 865 3308; x_wconf 86' lang='lat' dir='ltr'>nuptiis</span> <span class='ocrx_word' id='word_1_159' title='bbox 875 3242 960 3293; x_wconf 78' lang='lat' dir='ltr'>Armo-</span> <span class='ocrx_word' id='word_1_160' title='bbox 1009 3245 1092 3291; x_wconf 71' lang='lat' dir='ltr'>dom</span> <span class='ocrx_word' id='word_1_161' title='bbox 1102 3259 1171 3291; x_wconf 68' lang='lat' dir='ltr'>sceno</span> <span class='ocrx_word' id='word_1_162' title='bbox 1182 3259 1218 3291; x_wconf 83' lang='lat' dir='ltr'>res</span> <span class='ocrx_word' id='word_1_163' title='bbox 1227 3258 1255 3290; x_wconf 77' lang='lat' dir='ltr'>ea</span> <span class='ocrx_word' id='word_1_164' title='bbox 1266 3241 1381 3306; x_wconf 79' lang='lat' dir='ltr'>oisasuit.</span> <span class='ocrx_word' id='word_1_165' title='bbox 1398 3240 1512 3290; x_wconf 61' lang='lat' dir='ltr'>Herses·</span> <span class='ocrx_word' id='word_1_166' title='bbox 1591 3288 1595 3293; x_wconf 77' lang='grc'><strong>.</strong></span> 
     </span>
    </p>
   </div>
   <div class='ocr_carea' id='block_1_5' title="bbox 448 3310 1552 4632">
    <p class='ocr_par' dir='ltr' id='par_1_13' title="bbox 448 3310 1552 4632">
     <span class='ocr_line' id='line_1_23' title="bbox 459 3310 1512 3377; baseline 0.001 -16"><span class='ocrx_word' id='word_1_167' title='bbox 459 3310 515 3361; x_wconf 69' lang='lat' dir='ltr'>uin.</span> <span class='ocrx_word' id='word_1_168' title='bbox 547 3313 639 3363; x_wconf 81' lang='lat' dir='ltr'>Auctor</span> <span class='ocrx_word' id='word_1_169' title='bbox 650 3314 775 3365; x_wconf 89' lang='lat' dir='ltr'>Diodorus.</span> <span class='ocrx_word' id='word_1_170' title='bbox 1042 3318 1101 3366; x_wconf 79' lang='lat'>³12.</span> <span class='ocrx_word' id='word_1_171' title='bbox 1120 3316 1169 3364; x_wconf 73' lang='lat' dir='ltr'>Noc</span> <span class='ocrx_word' id='word_1_172' title='bbox 1179 3318 1269 3364; x_wconf 65' lang='lat' dir='ltr'>domitu</span> <span class='ocrx_word' id='word_1_173' title='bbox 1277 3331 1348 3377; x_wconf 66' lang='grc' dir='ltr'>μακε</span> <span class='ocrx_word' id='word_1_174' title='bbox 1358 3331 1395 3363; x_wconf 81' lang='lat' dir='ltr'>res</span> <span class='ocrx_word' id='word_1_175' title='bbox 1406 3331 1434 3363; x_wconf 81' lang='lat' dir='ltr'>so</span> <span class='ocrx_word' id='word_1_176' title='bbox 1442 3331 1512 3362; x_wconf 74' lang='lat' dir='ltr'>msa</span> 
     </span>
     <span class='ocr_line' id='line_1_24' title="bbox 492 3386 1510 3456; baseline 0.003 -22"><span class='ocrx_word' id='word_1_177' title='bbox 492 3386 550 3435; x_wconf 76' lang='lat'><strong>³05.</strong></span> <span class='ocrx_word' id='word_1_178' title='bbox 567 3386 718 3452; x_wconf 68' lang='lat' dir='ltr'>Quacumque</span> <span class='ocrx_word' id='word_1_179' title='bbox 727 3390 848 3454; x_wconf 66' lang='lat' dir='ltr'>erumpit]</span> <span class='ocrx_word' id='word_1_180' title='bbox 868 3389 959 3439; x_wconf 69' lang='lat' dir='ltr'><strong><em>Imm·</em></strong></span> <span class='ocrx_word' id='word_1_181' title='bbox 1001 3391 1081 3456; x_wconf 60' lang='lat' dir='ltr'>fuit]</span> <span class='ocrx_word' id='word_1_182' title='bbox 1100 3392 1139 3440; x_wconf 87' lang='lat' dir='ltr'>De</span> <span class='ocrx_word' id='word_1_183' title='bbox 1152 3391 1247 3439; x_wconf 79' lang='lat' dir='ltr'>Iaeuous</span> <span class='ocrx_word' id='word_1_184' title='bbox 1256 3390 1453 3455; x_wconf 56' lang='lat' dir='ltr'>interpretatum</span> <span class='ocrx_word' id='word_1_185' title='bbox 1468 3387 1510 3437; x_wconf 83' lang='lat' dir='ltr'>sed</span> 
     </span>
     <span class='ocr_line' id='line_1_25' title="bbox 457 3461 1510 3530; baseline 0.005 -24"><span class='ocrx_word' id='word_1_186' title='bbox 457 3461 502 3521; x_wconf 81' lang='lat' dir='ltr'>pit,</span> <span class='ocrx_word' id='word_1_187' title='bbox 517 3467 541 3507; x_wconf 89' lang='lat' dir='ltr'>et</span> <span class='ocrx_word' id='word_1_188' title='bbox 551 3476 595 3522; x_wconf 79' lang='lat' dir='ltr'>quo</span> <span class='ocrx_word' id='word_1_189' title='bbox 605 3476 647 3525; x_wconf 87' lang='lat' dir='ltr'>pro</span> <span class='ocrx_word' id='word_1_190' title='bbox 660 3479 705 3524; x_wconf 76' lang='lat' dir='ltr'>qua</span> <span class='ocrx_word' id='word_1_191' title='bbox 720 3472 784 3511; x_wconf 86' lang='lat' dir='ltr'>recte</span> <span class='ocrx_word' id='word_1_192' title='bbox 800 3462 869 3513; x_wconf 86' lang='lat' dir='ltr'>multi</span> <span class='ocrx_word' id='word_1_193' title='bbox 879 3473 959 3513; x_wconf 84' lang='lat' dir='ltr'>vetus·</span> <span class='ocrx_word' id='word_1_194' title='bbox 1008 3481 1052 3514; x_wconf 87' lang='lat' dir='ltr'>cur</span> <span class='ocrx_word' id='word_1_195' title='bbox 1061 3464 1152 3514; x_wconf 68' lang='lat' dir='ltr'>Ieuoui</span> <span class='ocrx_word' id='word_1_196' title='bbox 1170 3464 1249 3530; x_wconf 88' lang='lat' dir='ltr'>potius</span> <span class='ocrx_word' id='word_1_197' title='bbox 1258 3464 1289 3512; x_wconf 89' lang='lat' dir='ltr'>ob</span> <span class='ocrx_word' id='word_1_198' title='bbox 1303 3463 1328 3511; x_wconf 89' lang='lat' dir='ltr'>id</span> <span class='ocrx_word' id='word_1_199' title='bbox 1344 3478 1417 3528; x_wconf 77' lang='lat' dir='ltr'>poeus</span> <span class='ocrx_word' id='word_1_200' title='bbox 1430 3461 1510 3511; x_wconf 80' lang='lat' dir='ltr'>deuor-</span> 
     </span>
     <span class='ocr_line' id='line_1_26' title="bbox 459 3531 1511 3604; baseline 0.005 -24"><span class='ocrx_word' id='word_1_201' title='bbox 459 3531 538 3581; x_wconf 87' lang='lat' dir='ltr'>tiores.</span> <span class='ocrx_word' id='word_1_202' title='bbox 553 3531 960 3603; x_wconf 72' lang='lat' dir='ltr'>irrumperedicebsuturquisdyu</span> <span class='ocrx_word' id='word_1_203' title='bbox 1009 3548 1088 3596; x_wconf 78' lang='lat' dir='ltr'>uetur,</span> <span class='ocrx_word' id='word_1_204' title='bbox 1105 3554 1178 3604; x_wconf 82' lang='lat' dir='ltr'>quum</span> <span class='ocrx_word' id='word_1_205' title='bbox 1197 3537 1328 3593; x_wconf 81' lang='lat' dir='ltr'>AEdilibus,</span> <span class='ocrx_word' id='word_1_206' title='bbox 1347 3535 1389 3602; x_wconf 90' lang='lat' dir='ltr'>qui</span> <span class='ocrx_word' id='word_1_207' title='bbox 1408 3535 1511 3586; x_wconf 64' lang='lat' dir='ltr'>Floralia</span> 
     </span>
     <span class='ocr_line' id='line_1_27' title="bbox 459 3605 1509 3669; baseline 0.005 -15"><span class='ocrx_word' id='word_1_208' title='bbox 459 3620 507 3655; x_wconf 91' lang='lat' dir='ltr'>uou</span> <span class='ocrx_word' id='word_1_209' title='bbox 517 3607 605 3655; x_wconf 74' lang='lat' dir='ltr'>initiati</span> <span class='ocrx_word' id='word_1_210' title='bbox 615 3605 736 3656; x_wconf 81' lang='lat' dir='ltr'>subibunt.</span> <span class='ocrx_word' id='word_1_211' title='bbox 752 3608 958 3664; x_wconf 71' lang='lat' dir='ltr'>Huius-Que-</span> <span class='ocrx_word' id='word_1_212' title='bbox 1008 3612 1171 3661; x_wconf 76' lang='lat' dir='ltr'>exhibebautt</span> <span class='ocrx_word' id='word_1_213' title='bbox 1187 3612 1269 3669; x_wconf 67' lang='lat' dir='ltr'>Quare</span> <span class='ocrx_word' id='word_1_214' title='bbox 1284 3620 1325 3660; x_wconf 82' lang='lat' dir='ltr'>uut</span> <span class='ocrx_word' id='word_1_215' title='bbox 1336 3626 1431 3659; x_wconf 82' lang='lat' dir='ltr'>versum</span> <span class='ocrx_word' id='word_1_216' title='bbox 1446 3608 1509 3659; x_wconf 84' lang='lat' dir='ltr'>huuc</span> 
     </span>
     <span class='ocr_line' id='line_1_28' title="bbox 459 3680 1511 3744; baseline 0.006 -17"><span class='ocrx_word' id='word_1_217' title='bbox 459 3696 553 3743; x_wconf 75' lang='lat' dir='ltr'>eumque</span> <span class='ocrx_word' id='word_1_218' title='bbox 563 3682 670 3743; x_wconf 79' lang='lat' dir='ltr'>erumpit.</span> <span class='ocrx_word' id='word_1_219' title='bbox 687 3680 774 3744; x_wconf 68' lang='lat' dir='ltr'>Arguit</span> <span class='ocrx_word' id='word_1_220' title='bbox 785 3696 800 3730; x_wconf 83' lang='lat' dir='ltr'>u</span> <span class='ocrx_word' id='word_1_221' title='bbox 810 3681 882 3730; x_wconf 84' lang='lat' dir='ltr'>simili</span> <span class='ocrx_word' id='word_1_222' title='bbox 892 3699 958 3732; x_wconf 77' lang='lat' dir='ltr'>reum</span> <span class='ocrx_word' id='word_1_223' title='bbox 1008 3686 1169 3735; x_wconf 67' lang='lat' dir='ltr'>adulteratum</span> <span class='ocrx_word' id='word_1_224' title='bbox 1178 3701 1230 3735; x_wconf 75' lang='lat' dir='ltr'>esse</span> <span class='ocrx_word' id='word_1_225' title='bbox 1243 3699 1338 3742; x_wconf 79' lang='lat' dir='ltr'>censeo,</span> <span class='ocrx_word' id='word_1_226' title='bbox 1348 3692 1391 3733; x_wconf 75' lang='lat' dir='ltr'>eut</span> <span class='ocrx_word' id='word_1_227' title='bbox 1406 3685 1511 3734; x_wconf 72' lang='lat' dir='ltr'>scribtu-</span> 
     </span>
     <span class='ocr_line' id='line_1_29' title="bbox 457 3753 1082 3821; baseline 0.013 -19"><span class='ocrx_word' id='word_1_228' title='bbox 457 3768 509 3802; x_wconf 81' lang='lat' dir='ltr'>osse</span> <span class='ocrx_word' id='word_1_229' title='bbox 526 3753 601 3810; x_wconf 83' lang='lat' dir='ltr'>illam,</span> <span class='ocrx_word' id='word_1_230' title='bbox 621 3769 675 3818; x_wconf 72' lang='lat' dir='ltr'>que</span> <span class='ocrx_word' id='word_1_231' title='bbox 691 3754 811 3819; x_wconf 80' lang='lat' dir='ltr'>prohibite</span> <span class='ocrx_word' id='word_1_232' title='bbox 829 3763 854 3804; x_wconf 81' lang='lat' dir='ltr'>et</span> <span class='ocrx_word' id='word_1_233' title='bbox 870 3756 960 3821; x_wconf 70' lang='lat' dir='ltr'>rejecto</span> <span class='ocrx_word' id='word_1_234' title='bbox 1008 3760 1082 3810; x_wconf 82' lang='lat' dir='ltr'>dum:</span> 
     </span>
     <span class='ocr_line' id='line_1_30' title="bbox 456 3826 1471 3898; baseline 0.005 -24"><span class='ocrx_word' id='word_1_235' title='bbox 456 3826 561 3892; x_wconf 78' lang='lat' dir='ltr'>inspexit</span> <span class='ocrx_word' id='word_1_236' title='bbox 575 3827 628 3892; x_wconf 88' lang='lat' dir='ltr'>ejus</span> <span class='ocrx_word' id='word_1_237' title='bbox 645 3838 780 3893; x_wconf 68' lang='lat' dir='ltr'>preceptu3</span> <span class='ocrx_word' id='word_1_238' title='bbox 801 3830 957 3895; x_wconf 80' lang='lat' dir='ltr'>quemadmo-</span> <span class='ocrx_word' id='word_1_239' title='bbox 1042 3834 1091 3884; x_wconf 75' lang='lat' dir='ltr'>Noe</span> <span class='ocrx_word' id='word_1_240' title='bbox 1101 3837 1185 3883; x_wconf 69' lang='lat' dir='ltr'>domno</span> <span class='ocrx_word' id='word_1_241' title='bbox 1194 3851 1265 3883; x_wconf 70' lang='lat' dir='ltr'>scene</span> <span class='ocrx_word' id='word_1_242' title='bbox 1274 3850 1310 3882; x_wconf 80' lang='lat' dir='ltr'>rss</span> <span class='ocrx_word' id='word_1_243' title='bbox 1320 3850 1347 3882; x_wconf 81' lang='lat' dir='ltr'>eu</span> <span class='ocrx_word' id='word_1_244' title='bbox 1356 3831 1471 3898; x_wconf 72' lang='lat' dir='ltr'>oiujuit.</span> 
     </span>
     <span class='ocr_line' id='line_1_31' title="bbox 457 3897 1510 3974; baseline 0.009 -28"><span class='ocrx_word' id='word_1_245' title='bbox 457 3897 515 3947; x_wconf 86' lang='lat' dir='ltr'>dum</span> <span class='ocrx_word' id='word_1_246' title='bbox 539 3914 569 3947; x_wconf 83' lang='lat' dir='ltr'>eu</span> <span class='ocrx_word' id='word_1_247' title='bbox 593 3915 647 3964; x_wconf 69' lang='lat' dir='ltr'>qus)</span> <span class='ocrx_word' id='word_1_248' title='bbox 671 3899 810 3965; x_wconf 86' lang='lat' dir='ltr'>probibente</span> <span class='ocrx_word' id='word_1_249' title='bbox 835 3903 958 3954; x_wconf 70' lang='lat' dir='ltr'>ucerdote</span> <span class='ocrx_word' id='word_1_250' title='bbox 1007 3909 1038 3958; x_wconf 85' lang='lat' dir='ltr'>Iu</span> <span class='ocrx_word' id='word_1_251' title='bbox 1059 3908 1200 3966; x_wconf 75' lang='lat' dir='ltr'>Combiauo,</span> <span class='ocrx_word' id='word_1_252' title='bbox 1221 3925 1263 3974; x_wconf 91' lang='lat' dir='ltr'>pro</span> <span class='ocrx_word' id='word_1_253' title='bbox 1284 3907 1379 3957; x_wconf 74' lang='lat' dir='ltr'>diverse</span> <span class='ocrx_word' id='word_1_254' title='bbox 1399 3907 1510 3961; x_wconf 83' lang='lat' dir='ltr'>lectione,</span> 
     </span>
     <span class='ocr_line' id='line_1_32' title="bbox 457 3971 1510 4039; baseline 0.006 -18"><span class='ocrx_word' id='word_1_255' title='bbox 457 3971 545 4037; x_wconf 81' lang='lat' dir='ltr'>erupit,</span> <span class='ocrx_word' id='word_1_256' title='bbox 555 3988 603 4039; x_wconf 91' lang='lat' dir='ltr'>quo</span> <span class='ocrx_word' id='word_1_257' title='bbox 612 3989 659 4023; x_wconf 87' lang='lat' dir='ltr'>nou</span> <span class='ocrx_word' id='word_1_258' title='bbox 670 3974 735 4022; x_wconf 82' lang='lat' dir='ltr'>licet.</span> <span class='ocrx_word' id='word_1_259' title='bbox 1009 3982 1090 4032; x_wconf 65' lang='lat' dir='ltr'>nm</span> <span class='ocrx_word' id='word_1_260' title='bbox 1103 4001 1181 4032; x_wconf 59' lang='lat' dir='ltr'>mm</span> <span class='ocrx_word' id='word_1_261' title='bbox 1215 3984 1287 4033; x_wconf 67' lang='lat' dir='ltr'>cene</span> <span class='ocrx_word' id='word_1_262' title='bbox 1300 3981 1403 4031; x_wconf 71' lang='lat' dir='ltr'>Roscius</span> <span class='ocrx_word' id='word_1_263' title='bbox 1420 3996 1510 4029; x_wconf 76' lang='lat' dir='ltr'>comm·</span> 
     </span>
     <span class='ocr_line' id='line_1_33' title="bbox 489 4047 1509 4122; baseline 0.006 -26"><span class='ocrx_word' id='word_1_264' title='bbox 489 4048 547 4097; x_wconf 83' lang='lat'><strong>³09.</strong></span> <span class='ocrx_word' id='word_1_265' title='bbox 564 4047 668 4112; x_wconf 75' lang='lat' dir='ltr'>Nudus]</span> <span class='ocrx_word' id='word_1_266' title='bbox 690 4049 833 4100; x_wconf 84' lang='lat' dir='ltr'>Meretrices</span> <span class='ocrx_word' id='word_1_267' title='bbox 849 4060 874 4099; x_wconf 88' lang='lat' dir='ltr'>et</span> <span class='ocrx_word' id='word_1_268' title='bbox 884 4068 958 4117; x_wconf 73' lang='lat' dir='ltr'>geum</span> <span class='ocrx_word' id='word_1_269' title='bbox 1007 4056 1053 4105; x_wconf 90' lang='lat' dir='ltr'>dus</span> <span class='ocrx_word' id='word_1_270' title='bbox 1068 4056 1155 4106; x_wconf 84' lang='lat' dir='ltr'>librum</span> <span class='ocrx_word' id='word_1_271' title='bbox 1171 4056 1287 4113; x_wconf 68' lang='lat' dir='ltr'>ediderat,</span> <span class='ocrx_word' id='word_1_272' title='bbox 1307 4054 1331 4104; x_wconf 90' lang='lat' dir='ltr'>iu</span> <span class='ocrx_word' id='word_1_273' title='bbox 1349 4072 1397 4122; x_wconf 88' lang='lat' dir='ltr'>quo</span> <span class='ocrx_word' id='word_1_274' title='bbox 1412 4069 1509 4103; x_wconf 75' lang='lat' dir='ltr'>censen</span> 
     </span>
     <span class='ocr_line' id='line_1_34' title="bbox 456 4120 1509 4195; baseline 0.009 -25"><span class='ocrx_word' id='word_1_275' title='bbox 456 4139 520 4171; x_wconf 72' lang='lat' dir='ltr'>onus</span> <span class='ocrx_word' id='word_1_276' title='bbox 538 4120 663 4173; x_wconf 83' lang='lat' dir='ltr'>mulierum</span> <span class='ocrx_word' id='word_1_277' title='bbox 680 4121 854 4188; x_wconf 73' lang='lat' dir='ltr'>impudicorum</span> <span class='ocrx_word' id='word_1_278' title='bbox 871 4134 959 4173; x_wconf 64' lang='lat' dir='ltr'>struto</span> <span class='ocrx_word' id='word_1_279' title='bbox 1006 4128 1135 4179; x_wconf 75' lang='lat' dir='ltr'>bistriouiae</span> <span class='ocrx_word' id='word_1_280' title='bbox 1151 4131 1247 4195; x_wconf 75' lang='lat' dir='ltr'>egebat,</span> <span class='ocrx_word' id='word_1_281' title='bbox 1268 4144 1370 4195; x_wconf 83' lang='lat' dir='ltr'>eamque</span> <span class='ocrx_word' id='word_1_282' title='bbox 1386 4142 1509 4193; x_wconf 69' lang='lat' dir='ltr'>rompon-</span> 
     </span>
     <span class='ocr_line' id='line_1_35' title="bbox 456 4195 1508 4268; baseline 0.004 -24"><span class='ocrx_word' id='word_1_283' title='bbox 456 4199 487 4244; x_wconf 82' lang='lat' dir='ltr'>ad</span> <span class='ocrx_word' id='word_1_284' title='bbox 502 4195 593 4245; x_wconf 82' lang='lat' dir='ltr'>Veneris</span> <span class='ocrx_word' id='word_1_285' title='bbox 603 4195 688 4253; x_wconf 76' lang='lat' dir='ltr'>udum,</span> <span class='ocrx_word' id='word_1_286' title='bbox 700 4211 754 4261; x_wconf 78' lang='lat' dir='ltr'>quae</span> <span class='ocrx_word' id='word_1_287' title='bbox 766 4200 832 4246; x_wconf 72' lang='lat' dir='ltr'>nuda</span> <span class='ocrx_word' id='word_1_288' title='bbox 848 4197 957 4248; x_wconf 83' lang='lat' dir='ltr'>solebuut</span> <span class='ocrx_word' id='word_1_289' title='bbox 1005 4202 1112 4252; x_wconf 76' lang='lat' dir='ltr'>botcum</span> <span class='ocrx_word' id='word_1_290' title='bbox 1123 4200 1265 4268; x_wconf 73' lang='lat' dir='ltr'>eloquentie</span> <span class='ocrx_word' id='word_1_291' title='bbox 1276 4202 1363 4252; x_wconf 88' lang='lat' dir='ltr'>studio.</span> <span class='ocrx_word' id='word_1_292' title='bbox 1395 4200 1508 4251; x_wconf 84' lang='lat' dir='ltr'>Meminit</span> 
     </span>
     <span class='ocr_line' id='line_1_36' title="bbox 448 4269 1509 4343; baseline 0.002 -22"><span class='ocrx_word' id='word_1_293' title='bbox 448 4269 560 4321; x_wconf 26' lang='lat' dir='ltr'>*Floralia</span> <span class='ocrx_word' id='word_1_294' title='bbox 579 4271 709 4327; x_wconf 74' lang='lat' dir='ltr'>celebrere,</span> <span class='ocrx_word' id='word_1_295' title='bbox 728 4269 759 4319; x_wconf 88' lang='lat' dir='ltr'>de</span> <span class='ocrx_word' id='word_1_296' title='bbox 779 4271 867 4337; x_wconf 91' lang='lat' dir='ltr'>quibus</span> <span class='ocrx_word' id='word_1_297' title='bbox 883 4272 957 4321; x_wconf 74' lang='lat' dir='ltr'>ovid.</span> <span class='ocrx_word' id='word_1_298' title='bbox 1007 4276 1078 4343; x_wconf 88' lang='lat' dir='ltr'>hujus</span> <span class='ocrx_word' id='word_1_299' title='bbox 1094 4278 1177 4343; x_wconf 81' lang='lat' dir='ltr'>scripti</span> <span class='ocrx_word' id='word_1_300' title='bbox 1193 4277 1341 4333; x_wconf 74' lang='lat' dir='ltr'>Macrobius,</span> <span class='ocrx_word' id='word_1_301' title='bbox 1354 4278 1449 4329; x_wconf 79' lang='lat' dir='ltr'>Suturu.</span> <span class='ocrx_word' id='word_1_302' title='bbox 1465 4275 1509 4324; x_wconf 85' lang='lat' dir='ltr'>lib.</span> 
     </span>
     <span class='ocr_line' id='line_1_37' title="bbox 456 4340 1508 4417; baseline 0 -22"><span class='ocrx_word' id='word_1_303' title='bbox 456 4346 548 4396; x_wconf 76' lang='lat' dir='ltr'>Fertor.</span> <span class='ocrx_word' id='word_1_304' title='bbox 560 4362 584 4393; x_wconf 85' lang='lat' dir='ltr'>r.</span> <span class='ocrx_word' id='word_1_305' title='bbox 596 4347 651 4394; x_wconf 76' lang='lat'>183.</span> <span class='ocrx_word' id='word_1_306' title='bbox 662 4346 720 4394; x_wconf 75' lang='lat'>349.</span> <span class='ocrx_word' id='word_1_307' title='bbox 730 4361 784 4410; x_wconf 83' lang='lat' dir='ltr'>sqq.</span> <span class='ocrx_word' id='word_1_308' title='bbox 795 4346 877 4395; x_wconf 77' lang='lat' dir='ltr'>Veier.</span> <span class='ocrx_word' id='word_1_309' title='bbox 887 4347 956 4396; x_wconf 79' lang='lat' dir='ltr'>Mus.</span> <span class='ocrx_word' id='word_1_310' title='bbox 974 4377 976 4382; x_wconf 86' lang='lat'><em>.</em></span> <span class='ocrx_word' id='word_1_311' title='bbox 994 4340 1032 4398; x_wconf 77' lang='lat' dir='ltr'>ii.</span> <span class='ocrx_word' id='word_1_312' title='bbox 1052 4366 1074 4398; x_wconf 82' lang='lat' dir='ltr'>e.</span> <span class='ocrx_word' id='word_1_313' title='bbox 1097 4352 1137 4399; x_wconf 80' lang='lat'>14.</span> <span class='ocrx_word' id='word_1_314' title='bbox 1176 4351 1225 4400; x_wconf 84' lang='lat' dir='ltr'>Sed</span> <span class='ocrx_word' id='word_1_315' title='bbox 1247 4351 1362 4417; x_wconf 74' lang='lat' dir='ltr'>abruptus</span> <span class='ocrx_word' id='word_1_316' title='bbox 1384 4349 1455 4397; x_wconf 84' lang='lat' dir='ltr'>nimis</span> <span class='ocrx_word' id='word_1_317' title='bbox 1477 4347 1508 4396; x_wconf 76' lang='lat' dir='ltr'>sit</span> 
     </span>
     <span class='ocr_line' id='line_1_38' title="bbox 454 4418 1552 4497; baseline 0.005 -29"><span class='ocrx_word' id='word_1_318' title='bbox 454 4420 481 4469; x_wconf 90' lang='lat' dir='ltr'>ii.</span> <span class='ocrx_word' id='word_1_319' title='bbox 491 4423 515 4469; x_wconf 78' lang='lat'>5.</span> <span class='ocrx_word' id='word_1_320' title='bbox 526 4421 551 4471; x_wconf 86' lang='grc'>8.</span> <span class='ocrx_word' id='word_1_321' title='bbox 561 4421 688 4485; x_wconf 86' lang='lat' dir='ltr'>Verpoort.</span> <span class='ocrx_word' id='word_1_322' title='bbox 705 4418 752 4468; x_wconf 75' lang='lat' dir='ltr'>Illa</span> <span class='ocrx_word' id='word_1_323' title='bbox 766 4419 871 4469; x_wconf 72' lang='lat' dir='ltr'>Floralia</span> <span class='ocrx_word' id='word_1_324' title='bbox 885 4421 956 4470; x_wconf 83' lang='lat' dir='ltr'>edere</span> <span class='ocrx_word' id='word_1_325' title='bbox 1005 4424 1079 4473; x_wconf 76' lang='lat' dir='ltr'>uuusi</span> <span class='ocrx_word' id='word_1_326' title='bbox 1097 4431 1135 4473; x_wconf 89' lang='lat' dir='ltr'>tus</span> <span class='ocrx_word' id='word_1_327' title='bbox 1151 4441 1167 4475; x_wconf 85' lang='lat' dir='ltr'>u</span> <span class='ocrx_word' id='word_1_328' title='bbox 1183 4425 1322 4475; x_wconf 71' lang='lat' dir='ltr'>Vestalibus</span> <span class='ocrx_word' id='word_1_329' title='bbox 1339 4423 1370 4474; x_wconf 83' lang='lat' dir='ltr'>ud</span> <span class='ocrx_word' id='word_1_330' title='bbox 1385 4422 1508 4473; x_wconf 81' lang='lat' dir='ltr'>Roscium·</span> <span class='ocrx_word' id='word_1_331' title='bbox 1540 4484 1552 4497; x_wconf 70' lang='lat'>,</span> 
     </span>
     <span class='ocr_line' id='line_1_39' title="bbox 455 4492 1097 4557; baseline 0.009 -16"><span class='ocrx_word' id='word_1_332' title='bbox 455 4492 547 4541; x_wconf 77' lang='lat' dir='ltr'>wiebut</span> <span class='ocrx_word' id='word_1_333' title='bbox 560 4492 649 4541; x_wconf 83' lang='lat' dir='ltr'>AEdilis</span> <span class='ocrx_word' id='word_1_334' title='bbox 666 4493 731 4557; x_wconf 87' lang='lat' dir='ltr'>pleb.</span> <span class='ocrx_word' id='word_1_335' title='bbox 749 4508 823 4557; x_wconf 84' lang='lat' dir='ltr'>quem</span> <span class='ocrx_word' id='word_1_336' title='bbox 840 4496 957 4542; x_wconf 70' lang='lat' dir='ltr'>domim</span> <span class='ocrx_word' id='word_1_337' title='bbox 998 4497 1097 4549; x_wconf 65' lang='lat' dir='ltr'>‚Herus</span> 
     </span>
     <span class='ocr_line' id='line_1_40' title="bbox 448 4553 955 4632; baseline 0.008 -19"><span class='ocrx_word' id='word_1_338' title='bbox 448 4553 955 4632; x_wconf 65' lang='grc' dir='ltr'>ινοωΟνίτῑίιιι,ιιιιῐ,ἃοιιίνιιει,εειιιιιιιςο.</span> 
     </span>
    </p>
   </div>
   <div class='ocr_carea' id='block_1_6' title="bbox 0 0 1810 5967">
    <p class='ocr_par' dir='ltr' id='par_1_14' title="bbox 0 0 1810 5967">
     <span class='ocr_line' id='line_1_41' title="bbox 0 0 1810 5967; baseline 0 0"><span class='ocrx_word' id='word_1_339' title='bbox 0 0 1810 5967; x_wconf 95' lang='lat' dir='ltr'> </span> 
     </span>
    </p>
   </div>
  </div>
 </body>
</html>
