3609 5967
519 741 586 805 ³54
811 737 851 802 Ρ.
875 734 1036 801 OVIDII
1060 733 1274 800 NASONIS

521 879 764 990 AnteDessm
782 921 940 985 matrem
958 933 1075 983 cornu
1092 909 1235 983 tibicen
1253 907 1401 982 adunco

571 1030 698 1115 Quum
715 1029 830 1116 canit,
849 1027 999 1122 exiguae
1017 1023 1103 1123 quis
1119 1025 1228 1124 stipis
1247 1049 1322 1098 aera
1339 1026 1480 1122 neget?
1517 1029 1566 1098 40

522 1147 670 1220 Scimus
688 1146 736 1219 ab
754 1143 913 1241 imperio
929 1141 1009 1215 fieri
1028 1139 1079 1212 nil
1096 1141 1171 1214 tale
1192 1141 1350 1229 Dianae3

571 1261 683 1334 Unde
700 1271 827 1334 tamen
844 1258 945 1330 vivat
962 1254 1181 1356 vaticinator
1198 1257 1326 1330 habet.

521 1363 611 1476 ipsa
622 1387 774 1450 movent
790 1374 937 1447 animos
956 1372 1188 1471 Superorum
1207 1373 1362 1446 numina
1378 1383 1544 1458 nostros;

569 1492 696 1592 Turpe
714 1515 784 1565 nec
802 1501 861 1564 est
879 1489 944 1562 tali
963 1490 1188 1564 credulitate
1205 1490 1304 1588 cupi.

521 1607 579 1681 En
598 1633 682 1704 ego,
697 1633 767 1706 pro
784 1607 908 1694 sistro,
922 1605 1158 1705 Phrygiique
1171 1606 1352 1681 foramine
1364 1607 1470 1693 buxi,
1514 1610 1562 1681 45

569 1724 705 1799 Gentis
724 1724 841 1798 luleae
856 1723 1009 1797 nomina
1026 1734 1157 1798 sancta
1173 1723 1272 1798 fero:

518 1840 710 1913 Vaticinor
727 1863 960 1936 moneoque3
989 1839 1114 1912 locum
1131 1840 1220 1914 date
1238 1863 1346 1912 sacra
1362 1837 1516 1913 ferenti:

568 1955 605 2030 N
607 1981 656 2030 on
674 1957 778 2042 mihi,
797 1957 865 2030 sed
883 1981 1020 2053 magno
1038 1958 1206 2055 poscitur
1223 1958 1286 2030 ille
1306 1955 1402 2029 Dec.

519 2071 555 2145 N
557 2097 614 2160 ec,
633 2071 725 2169 quie
736 2074 795 2147 vel
813 2073 945 2159 merui,
960 2074 1019 2146 vel
1038 2073 1139 2147 sensi
1157 2071 1339 2171 principis
1357 2072 1461 2155 iram,

567 2188 601 2262 A
620 2189 729 2262 nobis
747 2191 872 2288 ipsum
889 2189 990 2264 nolle
1008 2199 1140 2289 putate
1157 2189 1243 2262 coli.
1514 2191 1562 2260 50

517 2304 604 2378 Vidi
623 2329 694 2402 ego
712 2305 878 2402 linigerae
896 2328 1036 2378 numen
1053 2305 1215 2378 violasse
1232 2286 1411 2377 iatentem

568 2419 694 2508 Isidis,
714 2419 857 2494 Isiacos
875 2431 964 2494 ante
983 2421 1115 2494 sedere
1133 2420 1259 2494 focos:

550 2642 590 2690 39.
598 2643 658 2691 Anto
666 2641 741 2692 Derim
752 2641 866 2706 notram]
876 2645 956 2701 Quum
965 2657 1016 2692 mu·
1099 2645 1139 2692 43.
1149 2641 1202 2706 Iptu
1210 2652 1298 2692 mouent
1307 2641 1414 2705 animm]
1427 2641 1479 2689 Huc
1488 2640 1560 2689 dicit:

515 2715 633 2764 triDedm
641 2717 707 2766 cauit
716 2716 804 2766 tibicen
812 2717 874 2766 inter
882 2717 1016 2766 sacrificae·
1066 2718 1192 2766 Movomur
1203 2717 1308 2766 Deorum
1322 2731 1395 2764 canu
1409 2714 1440 2764 ad
1449 2729 1561 2764 venenu·

516 2789 582 2839 dum.
620 2792 716 2840 Aduuco
736 2807 817 2840 cornu.
839 2791 933 2839 'libiam
954 2791 1013 2840 obii-
1065 2791 1122 2840 dum
1137 2790 1271 2839 uacerduteu
1284 2789 1419 2855 predictos,
1430 2803 1474 2838 noc
1488 2789 1558 2838 debe·

515 2879 588 2930 quam
607 2864 723 2930 intelligo,
740 2865 825 2914 dextre
844 2873 911 2931 parte
931 2881 1014 2921 uuum,
1066 2881 1118 2914 mus
1135 2874 1227 2931 putare,
1249 2881 1300 2912 eme
1325 2872 1402 2929 turpe,
1423 2861 1560 2912 credulitete

514 2937 1014 3003 aioiatnduoforumiuahubeutem‚quam
1065 2948 1145 2988 nostra
1171 2937 1308 2988 sacerdotes
1323 2937 1431 2986 venerari
1457 2937 1559 2986 Deorum

515 3011 757 3079 Midu‚inPhrygia
771 3013 870 3069 invenit,
884 3022 913 3062 ut
923 3011 1015 3062 Plinius
1065 3029 1144 3063 cautu
1185 3013 1323 3078 superorum
1341 3015 1445 3060 nmina.
1465 3011 1561 3060 uentu

516 3085 593 3135 doeei·
1064 3088 1281 3138 votereenonnulli.
1305 3087 1395 3136 Herus.

548 3163 588 3210 40.
600 3162 678 3216 Quum
687 3163 774 3226 canit]
794 3163 857 3210 Dour
868 3179 904 3227 pr.
913 3161 982 3210 editt.
1097 3164 1137 3212 45.
1148 3163 1196 3212 Pro
1206 3165 1279 3219 sistro,
1290 3159 1457 3226 Phrygiique]
1468 3161 1559 3208 Prosa-

548 3237 590 3284 41.
608 3236 756 3286 vaticinator
767 3235 854 3285 Dianio
867 3235 1013 3285 nominoex·
1065 3236 1200 3286 cerdotibua
1210 3235 1281 3286 Inidia
1295 3245 1319 3285 et
1328 3235 1441 3300 Cybelen,
1451 3250 1510 3300 quoa
1519 3250 1559 3299 per

514 3309 558 3374 igit
568 3310 653 3376 stipem
662 3311 712 3360 sive
721 3312 848 3376 pecuniam
859 3323 874 3357 a
887 3310 1012 3360 cousulen-
1064 3310 1158 3360 aiattum
1170 3323 1194 3360 et
1204 3309 1288 3360 tibiam
1297 3326 1312 3359 o
1322 3311 1387 3360 buno
1397 3307 1513 3373 deuignat.

515 3382 587 3439 tibus,
597 3383 646 3432 aive
657 3384 694 3441 iia,
705 3385 793 3450 quibus
802 3384 917 3433 uaticinia
928 3384 1013 3434 reddit.
1095 3387 1137 3434 46.
1147 3385 1229 3433 Gentis
1237 3383 1328 3447 dotem]
1339 3382 1480 3447 Augoutiox
1491 3390 1558 3446 geute

515 3455 548 3504 Et
557 3466 638 3504 tamen
647 3457 742 3514 teimau,
751 3458 828 3523 ipsam
838 3459 943 3507 Diaumu
954 3457 1013 3506 nihil
1063 3459 1127 3509 Iulio
1144 3459 1247 3516 oriundi,
1267 3460 1298 3508 ub
1319 3459 1382 3515 Iulo,
1402 3459 1484 3506 ΞΜ
1505 3455 1559 3504 filio.

516 3529 564 3579 tate
577 3530 701 3595 imperare,
711 3530 757 3579 hoo
771 3540 815 3588 eut,
826 3530 1013 3597 haudquaquam
1064 3533 1163 3582 Nomine
1171 3551 1237 3582 sucro
1237 3533 1302 3599 faro.
1313 3531 1464 3596 Complector
1469 3530 1494 3580 iu
1502 3531 1558 3579 meio

511 3604 604 3669 jubere,
611 3612 639 3653 ut
647 3605 689 3654 ille
699 3604 826 3670 pecuniam
836 3607 868 3654 ub
878 3605 1013 3654 hominibus
1063 3605 1149 3656 libellis
1160 3623 1252 3656 sacrum
1263 3605 1366 3670 Augusti
1375 3621 1468 3654 nomeu.

515 3679 614 3727 auferat.
646 3679 1013 3745 ltapiuueexplicatMicylluo.
1096 3683 1135 3730 47.
1150 3681 1286 3744 Vitricium]
1299 3683 1357 3730 Sum
1367 3689 1435 3730 rates
1444 3680 1559 3746 Apolliuiu

515 3753 545 3802 Iu
561 3752 660 3802 Aricino
676 3763 756 3804 autem
771 3770 866 3803 nemore
876 3755 948 3818 juxta
963 3753 1012 3802 Ro·
1063 3765 1087 3806 et
1102 3757 1220 3806 sacerdos.
1254 3757 1341 3805 Locrum
1357 3759 1418 3804 duro.
1434 3755 1509 3804 Sinite
1522 3771 1558 3805 mc

515 3843 579 3875 mum
589 3826 673 3877 habuit
682 3828 760 3878 Diana
771 3828 894 3894 tempium,
902 3827 936 3876 ibi
946 3838 1014 3876 erant
1063 3846 1105 3896 per
1123 3832 1204 3880 urbem
1226 3831 1345 3881 incedere.
1379 3831 1472 3878 Ferenti
1489 3847 1559 3880 ruem.

515 3899 691 3958 vaticinatores,
699 3902 734 3951 uti
741 3902 817 3952 oodici
823 3901 1012 3966 Twiodeniojum
1063 3904 1125 3954 Mihi
1136 3905 1237 3971 portanti
1250 3904 1346 3954 nomina
1359 3904 1437 3970 gentis
1446 3903 1527 3953 Iuleo.

514 3982 565 4022 emt
576 3974 729 4042 odocriptum.
755 3977 867 4026 Hortum.
1096 3981 1136 4028 49.
1150 3980 1272 4043 Namque
1283 3979 1424 4042 vetunt]
1437 3978 1558 4038 Quamvis,

549 4053 591 4099 42.
607 4051 673 4100 Unde
687 4062 761 4100 tomen
775 4057 837 4101 uu'uut
848 4049 1011 4112 vaticinatum]
1063 4054 1149 4118 inquit,
1160 4055 1185 4102 iu
1195 4070 1233 4103 me
1245 4055 1367 4119 Augustua
1377 4054 1408 4102 sit
1418 4053 1500 4108 iratus,
1512 4069 1557 4102 uon

515 4125 606 4175 Tamen
621 4127 733 4176 oaccrdou
748 4126 843 4182 Dionae,
862 4141 936 4173 causa
951 4125 1011 4173 Dee
1064 4136 1157 4177 recusat
1168 4136 1247 4178 tamen
1259 4143 1273 4176 a
1283 4127 1352 4178 nobis
1362 4127 1409 4176 coli
1421 4137 1498 4176 uoutm
1508 4141 1557 4175 car-

516 4201 667 4266 praedicendo
683 4201 770 4257 futuru,
788 4200 890 4249 donatur
906 4197 970 4247 victu
988 4207 1012 4248 et
1062 4201 1134 4250 mine.

516 4273 592 4327 dunis.
624 4275 717 4334 Quibus
727 4273 805 4322 verbis
820 4273 920 4337 colligit,
931 4279 958 4320 ot
973 4287 1009 4320 uu·
1095 4278 1134 4324 51.
1147 4274 1361 4341 Linigmlaidis]
1380 4273 1556 4324 Hecveralec·

515 4348 623 4397 cerdtteo
633 4349 750 4404 coluntur,
762 4347 868 4396 Deorum
882 4361 965 4400 causa.
978 4345 1012 4394 uic
1062 4348 1102 4406 tio,
1111 4349 1227 4416 quidquid
1238 4349 1381 4398 membrana
1392 4349 1453 4398 inter
1461 4363 1487 4396 te
1497 4365 1556 4413 pug-

515 4420 587 4472 libmu
597 4423 745 4472 continenter
755 4420 857 4486 Augusti
867 4421 959 4476 laudea,
969 4419 1011 4467 mi·
1063 4431 1128 4472 nunt.
1145 4423 1233 4472 Herus.
1259 4421 1339 4476 luidis.
1349 4425 1416 4488 cujus
1425 4421 1556 4472 sacerdotes

516 4495 578 4545 nime
595 4513 646 4547 eoae
658 4513 687 4546 ex
705 4498 763 4545 urbe
774 4493 906 4560 pellendos,
917 4495 959 4544 sed
971 4512 1010 4560 pn·
1062 4497 1110 4544 lino
1122 4496 1178 4544 tecti
1190 4512 1256 4545 sacra
1267 4497 1327 4544 Dee
1339 4497 1499 4545 celebrabant.

516 4570 562 4617 tius
572 4570 723 4635 excipiendos
734 4585 827 4618 summu
837 4570 996 4619 veneratione.
1095 4573 1134 4619 52.
1151 4571 1231 4620 Sedere
1248 4572 1375 4636 anta-focos
1394 4569 1498 4633 lamecu]
1516 4571 1556 4616 Se·
