3609 5967
478 780 711 849 TRIS'l'lUM
736 781 828 847 ΗΒ.
846 780 909 846 lv.
935 780 1071 848 ELEG.
1097 783 1145 848 Il.
1273 786 1339 852 275

285 958 338 1033 Et
353 968 484 1033 cernet
501 959 626 1032 vultus
644 956 728 1031 aliis
746 976 815 1054 pro
831 966 1002 1054 tempore
1020 979 1161 1045 versos,

333 1074 537 1150 Terribiles
552 1074 647 1161 aliis,
667 1074 984 1169 immemoresque
1002 1072 1073 1145 sui.

284 1188 452 1277 Quorum
468 1216 555 1290 pars
570 1214 718 1277 causas,
731 1201 770 1265 et
782 1214 856 1276 res,
868 1201 908 1264 et
920 1190 1074 1263 nomina
1088 1201 1256 1288 quaeret:
1286 1194 1336 1267 25

334 1306 429 1382 Pars
448 1308 596 1395 referet,
616 1307 789 1406 quamvis
807 1306 955 1380 noverit
972 1305 1056 1405 ipsa
1072 1331 1227 1405 parum:

284 1420 336 1510 la,
355 1423 421 1522 qui
442 1423 599 1498 Sidonio
617 1423 738 1521 fulget
756 1422 929 1497 sublimis
947 1422 1116 1508 inostro,

335 1538 427 1613 Dux
445 1538 568 1623 luerat
584 1540 698 1613 belli:
727 1538 923 1638 proximus
942 1539 1005 1612 ille
1023 1538 1132 1613 duci:

284 1651 372 1741 Hic,
388 1656 454 1753 qui
473 1679 573 1729 nunc
591 1656 629 1729 in
647 1657 763 1730 humo
780 1656 909 1731 lumen
927 1656 1140 1730 miserabile
1157 1656 1252 1755 figit,

335 1768 424 1843 Non
441 1771 515 1845 isto
534 1772 651 1859 vultu,
671 1795 788 1869 quum
807 1771 895 1845 tulit
912 1795 1028 1857 arma,
1047 1771 1139 1848 luit:
1285 1779 1336 1848 30

283 1882 354 1961 llle
371 1885 491 1972 ferox,
510 1884 630 1961 oculis
645 1896 685 1961 ct
702 1887 826 1961 adhuc
842 1886 1045 1961 hostilibus
1062 1888 1211 1975 ardeus,

334 1999 515 2077 Hortatur
531 2026 668 2101 pugnae
686 2002 965 2100 consiliumque
982 2003 1074 2077 fuit:

284 2114 456 2195 Perfidus
474 2119 535 2192 hic
553 2130 702 2194 nostros
720 2119 875 2194 inclusit
889 2120 1022 2195 fraude
1039 2121 1221 2207 locorum,

333 2230 531 2330 Squallida
546 2235 742 2333 promissis
759 2235 826 2334 qui
843 2237 942 2332 tegit
958 2259 1025 2309 ora
1041 2236 1182 2310 comis:

285 2345 365 2435 lllo,
385 2350 450 2447 qui
469 2351 654 2449 sequitur,
672 2350 806 2425 dicunt
822 2360 990 2425 mactata
1007 2352 1179 2425 ministro
1285 2354 1334 2426 35

334 2465 447 2564 Saepe
464 2466 655 2541 recusanti
673 2489 832 2565 corpora
848 2477 963 2565 capta
980 2465 1087 2541 Deo:

284 2579 357 2654 Hic
376 2582 494 2669 lacus,
514 2584 552 2657 hi
570 2594 732 2669 montes,
752 2584 833 2656 haec
851 2593 911 2656 tot
927 2583 1096 2668 castella,
1116 2591 1173 2657 tot
1190 2605 1334 2669 amnes,

333 2695 455 2771 Plena
471 2696 559 2772 lerae
571 2697 705 2783 caedis,
724 2698 839 2797 plena
855 2698 999 2772 cruoris
1017 2709 1146 2772 erant:

284 2810 432 2886 Drusus
449 2813 488 2886 in
506 2813 564 2887 his
582 2814 775 2912 quondam
794 2812 932 2888 meruit
945 2812 1172 2911 cognomina
1186 2811 1308 2900 terris,

333 2926 429 3012 Quae
447 2929 548 3003 bona
564 2929 764 3028 progenies
782 2928 898 3026 digna
915 2938 1072 3025 parente
1090 2927 1174 3001 fuit.
1284 2931 1336 3001 40

315 3149 359 3197 23.
379 3148 462 3198 Vultus
479 3150 571 3214 uersos]
598 3150 686 3199 Vultus
706 3160 783 3200 muta·
834 3165 927 3199 crorum
948 3148 1071 3213 intelligit,
1087 3163 1117 3198 ax
1139 3146 1273 3196 Druidibua
1293 3145 1337 3195 ali·

282 3232 327 3278 toa,
343 3236 399 3271 nam
415 3223 456 3287 qui
475 3223 550 3288 primo
568 3223 663 3272 lucrant
682 3225 782 3281 feroces,
834 3239 915 3289 quem.
931 3222 1020 3273 Scribit
1027 3222 1091 3273 enim
1102 3222 1258 3279 Casanlibro
1265 3220 1335 3271 Com·

282 3304 340 3345 tanc
354 3304 423 3345 erant
440 3296 542 3345 humiles
558 3306 584 3345 et
600 3297 700 3362 abjecti.
735 3297 784 3346 Pro
834 3307 908 3348 mant.
919 3297 952 3346 vi.
965 3297 1085 3347 nationem
1094 3295 1201 3345 omnium
1212 3295 1335 3345 Gallorum

282 3381 386 3433 tenpore.
428 3370 520 3421 Habita
546 3372 658 3438 temporis
682 3372 783 3430 ratione,
834 3388 886 3421 ease
901 3371 1031 3421 admodum
1045 3370 1152 3420 deditam
1167 3369 1334 3434 religionibus:

283 3445 347 3510 quod
357 3444 441 3511 poscit,
451 3453 478 3494 nt
488 3444 546 3494 victi
560 3444 672 3495 leroeiam
684 3456 783 3512 ponant.
833 3456 907 3512 atque
923 3448 955 3496 ob
975 3461 1029 3495 eam
1046 3460 1143 3495 canaam
1162 3445 1203 3510 qui
1220 3453 1275 3494 aunt
1293 3443 1336 3494 arl-

269 3522 342 3568 ultis
354 3536 396 3582 pro
409 3530 597 3582 imperaveram.
620 3520 673 3569 Hoc
684 3530 782 3571 eatmu-
833 3521 890 3572 lecti
910 3519 1056 3587 gravioribus
1075 3518 1172 3575 morbis,
1194 3518 1283 3584 quique
1309 3517 1335 3570 in

283 3603 388 3651 tamam
397 3593 512 3660 dejectos.
539 3595 627 3644 Malim
637 3604 781 3645 tamenne·
833 3593 1276 3662 pmliicpericulisqueveraantur‚pro
1284 3591 1335 3642 vie·

282 3679 334 3718 stu.
359 3669 450 3718 Hrms.
832 3669 897 3718 timia
907 3669 1014 3718 homines
1022 3668 1152 3725 immolare,
1164 3666 1335 3717 autaeimmo·

315 3744 356 3791 2⁴.
370 3742 493 3792 Terribiles
500 3744 577 3807 alim]
590 3744 688 3801 Cemct,
695 3743 782 3809 inquit,
833 3743 922 3792 laturos
937 3757 1031 3798 vovera,
1047 3739 1239 3805 administrisque
1257 3739 1289 3788 ad
1306 3755 1336 3791 aa

282 3817 384 3883 populus
403 3816 464 3866 olion
490 3816 598 3883 captivo·
619 3817 681 3893 trogi
701 3818 780 3875 vultu,
832 3815 1091 3867 sacrificiaDruidibua
1107 3814 1155 3864 uti:
1175 3812 1217 3879 qui
1234 3813 1336 3880 provita

283 3900 396 3957 tanquam
411 3890 432 3941 ai
446 3906 525 3941 eaaent
540 3893 649 3950 victores,
663 3891 727 3958 quod
745 3891 783 3942 laia
833 3889 944 3947 bominis,
962 3888 1075 3939 ninivita
1093 3887 1197 3937 hominia
1214 3886 1335 3946 reddatur,

282 3965 554 4031 ennumquam
562 3968 782 4033 auntimmemorea.
833 3980 879 4013 non
895 3979 964 4029 ponae
980 3978 1069 4013 numen
1086 3962 1192 4010 Deorum
1213 3960 1355 4012 immortav

313 4040 354 4088 27.
365 4039 422 4095 flio,
433 4042 474 4103 qai
484 4039 601 4103 Sidenum]
621 4040 733 4104 Mlflm
745 4048 782 4089 eat
833 4038 890 4088 lium
912 4037 1003 4103 placari
1022 4034 1205 4094 arbitrabantur,
1226 4036 1335 4102 publice·

282 4114 435 4170 nanantium
454 4122 479 4163 ct
500 4112 576 4179 digito
596 4123 781 4164 eommomuan-
833 4127 879 4177 qua
894 4110 1001 4177 ejusdem
1014 4109 1108 4176 generis
1121 4109 1232 4159 instituta
1244 4109 1335 4159 habent

281 4186 354 4235 uum:
368 4184 728 4237 Hicinerathoatiumaummaa
737 4187 783 4236 im·
831 4185 956 4236 sacrificia.
979 4185 1051 4234 Man.
1089 4183 1144 4241 Ilio,
1165 4185 1206 4247 qui
1222 4185 1334 4246 coquitur.

281 4269 383 4327 perator.
406 4263 488 4311 Post.
833 4260 933 4310 Videtur
941 4259 987 4308 hoc
997 4259 1050 4308 loco
1057 4268 1128 4324 poeta
1136 4255 1167 4306 ad
1178 4271 1208 4304 ea
1218 4254 1334 4312 alludere,

314 4336 355 4383 33.
373 4334 466 4385 rma·
487 4335 610 4399 locorum]
634 4335 780 4385 Germanum
832 4350 886 4400 qna
906 4333 971 4400 apud
986 4330 1098 4382 Tacitum
1117 4330 1258 4384 referuntur,
1273 4327 1334 4378 libro

281 4407 429 4473 namingam
447 4409 555 4467 mmor,
572 4409 613 4475 qui
635 4408 660 4459 in
679 4408 781 4459 hostium
830 4409 914 4476 primo,
924 4407 956 4458 de
971 4408 1079 4472 ingram
1088 4400 1226 4454 Germanici
1241 4400 1267 4449 in
1284 4402 1332 4451 aal-

280 4480 380 4531 insidia
390 4482 547 4549 precipitavit
559 4484 688 4541 Romanos,
700 4492 742 4533 aut
755 4483 780 4532 in
831 4492 881 4531 tum
895 4480 1131 4544 Teutoburgium,
1142 4486 1167 4525 et
1181 4474 1212 4524 dc
1224 4472 1285 4524 facie
1298 4476 1333 4525 lo-

281 4555 335 4604 loca
346 4554 416 4604 duxit
426 4555 517 4621 iniqua.
831 4572 921 4612 eornm.
931 4554 995 4604 circa
1008 4567 1062 4617 qun
1073 4550 1153 4599 Vama
1166 4563 1221 4598 cum
1234 4548 1331 4615 legioni·

313 4631 356 4679 35.
374 4629 420 4679 luo
437 4633 562 4696 mistura]
589 4630 726 4682 Ministmm
741 4645 779 4681 aa·
822 4624 936 4680 'brutuli
945 4626 1040 4679 occisiu
1050 4626 1135 4675 luerat.
1159 4623 1258 4675 Micia.
