3609 5967
444 770 491 837 34
748 766 786 830 P.
814 764 975 830 OVlDII
999 762 1211 829 NASONIS

450 944 555 1017 Tunc
582 964 745 1040 quoque,
765 962 852 1013 curn
875 938 991 1011 solem
1016 937 1181 1010 nondum
1205 937 1429 1036 prohibebat
1450 946 1490 1009 et

601 1056 757 1129 imbrem
1411 1056 1485 1125 ‘621

501 1172 656 1269 Tegula,
677 1172 743 1245 sed
762 1193 923 1267 quercus
940 1180 1042 1243 tecta
1057 1170 1260 1267 cibumque
1277 1169 1413 1255 dabat3

454 1289 499 1362 ln
516 1310 667 1361 nemore
691 1298 805 1384 atque
827 1284 954 1370 antris,
974 1308 1048 1357 non
1067 1285 1139 1357 sub
1155 1283 1262 1371 Jove,
1276 1286 1410 1382 juncta
1426 1307 1489 1355 vo·

502 1404 624 1478 'l’anta
640 1402 719 1476 rudi
740 1402 877 1500 populo
895 1424 985 1475 cura
1001 1400 1155 1498 pudoris
1173 1410 1266 1475 erat.
1334 1400 1487 1497 [luptas.

453 1520 505 1593 At
521 1542 619 1593 nunc
636 1517 828 1591 nocturnis
845 1517 974 1591 titulos
991 1517 1217 1614 imponimus
1235 1516 1353 1590 actis:
1416 1518 1489 1587 625

503 1634 638 1732 Atque
649 1634 783 1707 emitur
800 1655 936 1728 magno
952 1631 1017 1718 nil,
1035 1632 1106 1706 nisi
1125 1656 1237 1730 posse
1254 1632 1370 1730 loqui.

455 1750 609 1824 Scilicet
625 1748 794 1823 excuties
812 1771 942 1821 omnes
959 1749 1188 1845 ubicumque
1205 1748 1362 1846 puellas,

505 1866 671 1940 Cuilibet
687 1878 729 1938 ut
745 1864 862 1951 dicas,
882 1862 976 1937 Haec
994 1887 1147 1962 quoque
1164 1877 1292 1937 nostra
1307 1862 1400 1936 suit:

456 1982 516 2057 Ne
533 1984 670 2069 desint,
682 2006 785 2079 quas
803 1992 844 2055 tu
862 1981 989 2078 digitis
1007 1980 1205 2055 ostendere
1222 1980 1365 2078 possis;

507 2098 560 2172 Ut
577 2122 767 2196 quamque
785 2097 964 2194 attigeris,
983 2096 1110 2171 fabula
1125 2098 1245 2195 turpis
1263 2096 1346 2171 erit.
1414 2100 1489 2169 630

456 2214 578 2288 Parva
592 2238 744 2311 queror:
763 2212 911 2308 fingunt
922 2213 1087 2309 quidam,
1100 2235 1186 2309 quae
1199 2235 1288 2286 vera
1299 2221 1491 2309 negarent,

508 2328 558 2402 Et
575 2331 665 2404 nulli
683 2354 757 2403 non
771 2354 812 2403 se
830 2330 1078 2403 concubuisse
1095 2326 1230 2403 ferunt.

459 2446 627 2545 Corpora
638 2448 668 2519 si
680 2458 883 2543 nequeunt,
893 2455 1145 2544 quaepossunt
1155 2444 1490 2518 nominatractant:

509 2560 710 2659 Famaque,
730 2586 804 2635 non
821 2572 922 2636 tacto
939 2584 1110 2659 corpore,
1126 2560 1265 2634 crimen
1283 2560 1407 2633 babet.

460 2676 476 2749 l
496 2701 606 2764 nunc,
626 2678 759 2751 claude
777 2677 886 2765 sores,
906 2690 1034 2752 custos
1051 2678 1191 2763 odiose,
1211 2677 1365 2774 puelloe;
1420 2678 1493 2748 635

509 2791 560 2865 Et
575 2803 724 2866 centum
743 2794 846 2867 duris
864 2796 1034 2894 postibus
1052 2794 1149 2868 adde
1167 2816 1282 2867 seras.

459 2906 559 2991 Quid
575 2909 646 2980 tuti
664 2919 847 3006 superest,
867 2934 954 2983 cum
972 2909 1131 3006 nominis
1149 2918 1254 2982 extat
1267 2907 1433 2994 adulter;

509 3021 560 3095 Et
576 3022 690 3107 credi,
708 3024 809 3119 quod
828 3048 901 3096 non
918 3024 1076 3121 contigit
1092 3048 1189 3110 esse,
1207 3022 1336 3121 cupit?

462 3136 543 3210 Nos
561 3136 673 3210 etiam
690 3160 796 3209 veros
814 3160 925 3235 parce
943 3139 1158 3236 profitemur
1175 3162 1341 3212 amores:

510 3250 705 3349 Tectaque
722 3261 809 3324 sunt
826 3252 946 3325 solida
965 3254 1126 3351 mystica
1141 3252 1239 3326 furta
1255 3252 1341 3327 fide.
1423 3256 1497 3327 640

462 3364 611 3439 Parcite
628 3365 815 3463 praecipue
831 3366 922 3440 vitia
937 3369 1161 3467 exprobrare
1179 3367 1326 3467 puellre,

513 3476 616 3552 Utile
634 3501 718 3575 quae
735 3480 862 3553 multis
879 3481 1134 3559 dissimulasse
1151 3482 1233 3558 fuit,

465 3595 546 3670 Nec
564 3618 654 3668 suus
671 3593 921 3671 Andromede
938 3600 1038 3673 color
1053 3609 1111 3674 est
1127 3600 1298 3698 objectus
1316 3601 1363 3674 ab
1381 3600 1457 3688 illo,

513 3709 666 3785 Mobilis
683 3710 721 3783 in
738 3713 887 3808 gemino
905 3716 967 3789 cui
984 3716 1082 3814 pede
1099 3739 1224 3814 penna
1240 3714 1321 3789 fuit.

496 3986 554 4070 dbb.
572 3988 644 4049 Atque
653 3988 845 4055 emiturmaguo]
863 3990 958 4039 InBer·
1041 3993 1091 4042 Hoc
1102 3992 1194 4043 [tm
1203 3996 1258 4043 uelit
1269 4004 1291 4042 et
1307 4012 1388 4060 magno
1403 4012 1500 4045 meen-

465 4076 531 4111 nenu
550 4074 597 4108 uno
614 4066 672 4117 erat,
688 4070 755 4125 arque
771 4065 855 4112 emitur
873 4068 899 4113 tn
915 4067 958 4121 nil,
1073 4067 1218 4115 turAtn'dae.

464 4134 528 4202 quod
543 4133 601 4198 quid
615 4133 659 4182 sibi
670 4134 735 4191 velit,
752 4151 798 4185 nou
815 4146 911 4203 exputo.
928 4154 959 4188 an
1009 4138 1056 4187 Ubi
1066 4139 1254 4190 videeommenr.
1286 4141 1373 4190 Burri.

464 4207 550 4275 aliquis
566 4207 679 4273 glossator
695 4207 741 4257 boc
756 4210 912 4277 adscripserit,
921 4213 958 4261 in·
1039 4212 1095 4261 6⁴27.
1112 4213 1204 4262 Scilicet
1221 4215 1338 4277 amera]
1360 4214 1431 4263 Hunc
1449 4232 1501 4264 rer-

464 4284 547 4333 dicans
560 4296 635 4331 mores
649 4280 685 4331 sui
701 4282 785 4341 seculi,
797 4302 844 4350 quo
858 4286 883 4335 in
900 4287 959 4337 atrio
1007 4301 1059 4335 sum
1079 4294 1105 4334 et
1124 4297 1249 4353 sequentes
1268 4294 1316 4335 tres
1335 4286 1502 4352 interrogative

465 4358 959 4426 voluptatesperagebantur,analiudquid
1007 4368 1079 4425 atque
1105 4358 1232 4426 εἰρωνικῶς
1258 4362 1318 4425 lego,
1345 4362 1501 4426 exprobrandi

465 4430 540 4479 lateat
553 4430 639 4479 nescio.
656 4428 819 4495 mibivulgata
834 4433 892 4483 satis
907 4434 959 4500 pla·
1007 4434 1057 4483 sire
1066 4434 1203 4500 increpandi
1214 4436 1297 4501 figure.
1330 4435 1428 4483 Mrcrt.

466 4511 577 4567 estque
593 4502 656 4552 idem
672 4511 745 4562 notat,
756 4508 819 4571 quod
837 4508 879 4557 illa
896 4510 960 4575 apud
1039 4509 1096 4558 64³.
1120 4508 1168 4557 Noe
1189 4527 1244 4558 aras
1262 4510 1429 4575 Andromede]
1456 4509 1504 4559 An·

469 4576 553 4641 virgil.
563 4576 589 4626 ii.
602 4579 697 4629 AEueid.
710 4582 765 4630 104.
1008 4582 1119 4631 dromeda
1135 4582 1201 4631 lusca
1217 4583 1289 4632 fuisse
1305 4582 1400 4633 dicitur.
1417 4584 1506 4651 placu't
