3609 5967
369 800 372 807 ·
466 770 533 835 160
581 768 585 771 ’
771 766 811 830 Ρ.
838 762 1000 831 OVIDII
1025 761 1239 889 Nasutus

469 941 620 1027 Navita,
639 939 835 1013 confessus
853 937 981 1035 gelido
998 936 1142 1036 pallore
1159 934 1347 1022 timorem,

518 1057 542 1131 J
545 1082 606 1132 am
624 1056 795 1154 sequitur
811 1053 962 1139 victam,
982 1040 1057 1125 non
1075 1050 1173 1147 regit
1190 1061 1284 1138 arte,
1303 1063 1437 1125 ratem.

471 1173 602 1272 thue
620 1196 753 1271 parum
770 1153 915 1244 validus
934 1162 1008 1242 non
1026 1167 1262 1267 proficientia
1278 1178 1401 1242 rector

521 1288 690 1363 Cervicis
709 1286 840 1384 rigidae
858 1285 976 1357 sraena
992 1283 1151 1358 remittit
1168 1307 1290 1380 equo;

472 1403 549 1491 Sic,
569 1428 646 1477 non
663 1426 741 1500 quo
758 1400 889 1487 voluit,
906 1400 974 1473 sed
991 1420 1067 1495 quo
1085 1398 1184 1496 rapit
1201 1398 1367 1496 impetus
1385 1398 1510 1484 undae,

519 1520 701 1616 Aurigam
719 1519 828 1591 video
845 1517 930 1590 vela
946 1516 1098 1590 dedisse
1116 1513 1200 1587 rati.
1475 1516 1519 1586 16

376 1732 379 1737 „
471 1635 584 1720 Quod
601 1635 673 1709 nisi
691 1645 857 1707 mutatas
875 1632 1044 1708 emiserit
1060 1631 1193 1705 AEolns
1213 1654 1335 1725 aurae,

521 1750 568 1824 ln
584 1752 668 1824 loca
680 1753 760 1848 jam
779 1750 888 1823 nobis
907 1774 982 1823 non
999 1749 1176 1823 adeunda
1191 1747 1311 1821 ferar:

472 1868 573 1941 Nam
589 1866 722 1965 procul
740 1865 886 1963 Illyriis*
899 1866 993 1938 laeva
1010 1864 1060 1938 de
1077 1873 1184 1962 parte
1201 1862 1356 1947 relictis,

521 1982 731 2057 Interdicta
748 1981 839 2063 mihi
856 1979 1023 2055 cernitur
1041 1978 1167 2053 ltalia.
1206 2054 1213 2066 ,
1470 1980 1520 2049 20

472 2098 634 2173 Desinat
650 2098 689 2169 in
700 2097 849 2182 vetitas,
869 2118 1013 2192 quaese,
1032 2093 1261 2168 contendere
1279 2101 1412 2177 terras,

523 2211 575 2287 Et
588 2236 740 2287 mecum
756 2235 895 2309 magno
912 2223 1045 2309 pareat
1062 2235 1153 2285 aura
1167 2209 1263 2283 Deo,

472 2329 577 2402 Dum
594 2330 739 2426 loquor,
759 2340 799 2403 et
815 2328 929 2427 cupio
946 2328 1088 2427 pariter
1106 2326 1300 2423 timeoque
1313 2322 1454 2410 revelli,

523 2444 719 2544 Increpuit
735 2445 887 2543 quantis
904 2444 1046 2518 viribus
1064 2444 1167 2533 unda
1179 2441 1299 2516 latus!

472 2559 637 2648 Parcite,
656 2562 819 2648 oaerulei,
835 2586 902 2635 vos
921 2562 1078 2661 parcite,
1097 2561 1251 2634 numina
1267 2556 1395 2656 ponti3
1471 2561 1521 2631 25

523 2676 787 2776 Insestumque
804 2679 897 2752 mihi
915 2679 966 2753 sit
983 2678 1074 2753 satis
1092 2701 1177 2752 esse
1193 2675 1217 2749 J
1220 2697 1340 2749 ovem.

473 2792 553 2885 Vos
571 2795 735 2868 animam
754 2819 864 2868 saevae
881 2793 1021 2869 fessam
1039 2791 1239 2866 subducite
1256 2787 1390 2876 morti;

524 2909 566 2982 si
583 2911 707 2995 modo,
724 2909 791 3006 qui
809 2910 932 3009 periit,
952 2933 1027 2982 non
1045 2908 1202 3008 periisse
1220 2914 1358 3004 potest.

505 3125 547 3173 1³.
564 3124 652 3174 Rector
660 3123 747 3172 dicitur
757 3123 798 3188 qui
809 3134 835 3172 et
844 3139 919 3188 equos
932 3132 975 3172 aut
1024 3124 1069 3173 sita
1079 3132 1139 3178 erat,
1148 3122 1179 3171 ad
1191 3136 1263 3186 quam
1275 3118 1298 3167 vi
1310 3119 1457 3184 tempestatis
1468 3117 1522 3166 sarri

471 3215 561 3255 eunus,
578 3208 603 3248 et
619 3215 704 3248 navem
723 3199 792 3263 regit.
805 3215 828 3246 v.
845 3199 929 3246 Burm.
950 3206 975 3247 et
1024 3195 1239 3247 videbam-Alii
1262 3194 1383 3258 illyr-ictu
1401 3194 1478 3242 mule:
1496 3203 1522 3241 ut

471 3273 594 3320 Drakenb.
606 3272 637 3321 ad
647 3272 690 3320 Sil.
701 3273 757 3321 Ital.
767 3271 824 3320 xvii.
839 3271 975 3320 launum
1024 3274 1088 3322 enim
1099 3273 1224 3335 Hispania,
1234 3270 1327 3324 Gallie,
1334 3269 1379 3316 &e
1387 3266 1422 3316 ita
1431 3278 1456 3316 et
1463 3267 1522 3333 Itty-

471 3345 535 3394 enim
546 3355 638 3394 veteres
648 3346 757 3410 legerant
770 3346 854 3394 Victor.
882 3348 974 3411 Auriga
1024 3351 1064 3396 n‘e
1074 3348 1221 3395 dicebantur.
1242 3344 1281 3393 Sic
1292 3343 1356 3409 apud
1366 3343 1523 3410 Propertium,

470 3435 527 3467 vern
544 3420 581 3482 (v.
596 3420 648 3481 16.)
662 3436 705 3486 pro
723 3420 791 3469 navis
808 3422 974 3485 gubernatore,
1023 3421 1065 3470 lib.
1072 3420 1097 3468 ii.
1105 3420 1174 3483 Eleg.
1187 3420 1232 3467 13:

471 3492 528 3558 poni
542 3492 617 3541 rarius
631 3503 668 3542 est
683 3503 707 3542 et
718 3494 870 3543 insolentius:
889 3495 972 3544 eadem
1057 3495 1170 3543 Dicalias
1178 3495 1263 3541 itemst
1274 3492 1366 3556 ηαυὶςοε
1377 3489 1482 3554 ruyrus.
1531 3499 1540 3511 ’

472 3566 972 3634 tamenmetsphora,quacurru⁸prouave,
1056 3571 1096 3617 22.
1121 3564 1207 3616 Pareat
1226 3568 1270 3615 rua
1290 3564 1360 3628 Dea]
1385 3566 1446 3622 Quor
1466 3565 1524 3612 tuat

429 3686 438 3693 ,
470 3640 745 3705 cunnepronavigam
762 3649 971 3690 neccaretexem-
1023 3642 1119 3710 plurimi
1129 3651 1235 3691 veterum
1245 3643 1317 3689 uvido.
1351 3640 1398 3689 Sed
1417 3641 1489 3706 probo
1500 3648 1524 3689 et

470 3713 516 3779 plis
527 3729 542 3761 a
552 3714 689 3762 Burmanno
699 3713 811 3763 laudatis
844 3713 956 3764 Hastis.
1022 3732 1108 3781 sequor
1123 3718 1152 3765 τὸ
1167 3733 1235 3773 aura,
1247 3714 1310 3780 quod
1321 3714 1442 3764 indecem
1453 3714 1523 3771 castis

506 3789 544 3836 19.
562 3788 624 3835 Num
633 3790 713 3849 procat
725 3786 836 3851 Illyria]
856 3787 919 3837 Hinc
930 3805 972 3854 po·
1022 3788 1153 3853 potioribus
1161 3788 1258 3838 offendi.
1274 3788 1462 3847 Herse-Deo,-
1474 3791 1524 3836 Au·

471 3868 518 3910 test
532 3861 623 3925 colligi,
636 3878 683 3909 non
702 3860 726 3909 id
745 3861 775 3909 de
792 3861 851 3909 mari
867 3860 971 3917 Theseo,
1021 3872 1103 3928 gum:
1121 3863 1195 3911 voluit
1214 3863 1279 3911 enim
1298 3877 1336 3910 me
1355 3861 1380 3910 in
1401 3862 1523 3927 Scythiam

356 3946 360 3949 ’
471 3935 534 3999 quod
551 3935 623 3983 etiam
639 3934 733 3983 Ionium
748 3935 895 4001 appellatum
910 3933 972 3983 dixi·
1022 3935 1149 4002 proficisci,
1160 3935 1219 3984 etin
1232 3935 1329 3985 Italiam
1338 3951 1385 3984 non
1395 3936 1482 3985 redire.

470 4023 532 4064 mus,
549 4006 732 4073 intelligendum
750 4024 811 4064 esse,
829 4018 856 4058 ut
873 4006 972 4072 quidam
1053 4010 1137 4058 21181
1157 4013 1221 4059 modo
1241 4009 1391 4074 propedit]
1410 4010 1436 4059 Si
1454 4010 1523 4059 modo

471 4078 531 4129 salso
556 4081 736 4139 existimarunt,
763 4082 805 4130 sed
827 4082 858 4130 de
877 4097 973 4146 magno,
1021 4099 1067 4147 ego
1087 4092 1201 4149 tanquam
1222 4092 1338 4142 mortuus,
1359 4083 1477 4149 relegatus
1492 4084 1523 4133 ad

471 4170 543 4220 prope
555 4156 751 4220 numnquam
762 4156 865 4205 Ovidius
875 4156 900 4203 in
910 4155 973 4204 Pon·
1021 4158 1150 4207 samatus
1194 4158 1270 4206 Potest
1296 4175 1342 4206 son
1359 4160 1459 4220 periisse
1497 4157 1523 4207 Si

471 4237 522 4278 tum
543 4230 667 4295 nauigans,
686 4246 700 4278 a
721 4230 783 4280 lave
803 4230 903 4279 habuit:
931 4228 972 4279 aad
1022 4230 1129 4297 perditus
1140 4231 1228 4280 servari
1238 4238 1325 4298 potest.

471 4305 577 4365 munus,
593 4321 623 4355 ea
642 4321 657 4354 a
673 4305 791 4362 dextras
808 4305 884 4353 fronte
901 4302 974 4352 Italia
