3609 5967
431 717 498 787 ase
726 717 764 781 r.
789 713 953 782 ovrnrr
978 709 1192 805 ussonrs

433 889 528 969 Hoec
545 890 637 967 mihi
655 891 720 988 qui
737 888 886 976 referet,
906 912 992 986 qum
1010 911 1085 961 non
1102 884 1243 965 vidisse
1260 885 1411 974 dolebo,

481 1005 553 1081 Ille
570 1030 665 1082 meae
681 1006 811 1083 domui
829 1006 1000 1105 protinus
1016 1004 1156 1103 hospes
1175 1003 1257 1079 erit.
1430 1007 1480 1076 50

432 1120 519 1197 Heu
531 1122 638 1196 mihi!
653 1124 784 1219 jamne
793 1122 929 1196 domus
942 1120 1124 1219 Scythico
1136 1117 1301 1196 Nasonis
1314 1117 1353 1190 in
1366 1118 1480 1192 orbe?

481 1236 646 1336 Jamque
663 1262 773 1312 suurn
791 1238 882 1319 mihi
899 1239 967 1313 dat
983 1262 1052 1336 pro
1072 1236 1166 1312 Lare
1185 1259 1300 1336 poena
1315 1234 1466 1309 locum?

431 1352 482 1431 Dl
499 1353 651 1442 faciant,
669 1354 799 1433 Casas
816 1379 891 1429 non
909 1355 971 1428 hic
989 1353 1185 1455 penetrale
1201 1353 1445 1447 domumque,

480 1466 699 1568 Hospitium
716 1494 837 1569 poenae
854 1470 923 1545 sed
940 1470 1032 1545 velit
1049 1494 1135 1545 esse
1152 1492 1260 1544 mere.

733 1954 1010 2045 „ELEGIA
1046 1948 1163 2032 Xlll.

428 2165 541 2245 Ecca
559 2190 827 2268 supervacuus,
846 2166 941 2266 quid
956 2165 1059 2245 enim
1072 2165 1144 2245 suit
1160 2164 1255 2243 utile
1272 2164 1402 2265 gigni?
1503 2241 1512 2254 ,

476 2281 538 2356 Ad
556 2306 626 2357 sue
642 2283 779 2359 natalis
796 2293 970 2380 tempora
985 2293 1115 2356 noster
1132 2281 1262 2358 adest:

375 2434 380 2443 ·
428 2397 546 2484 Dure,
565 2397 657 2496 quid
673 2398 721 2472 ad
739 2398 896 2475 miseros
914 2397 1093 2475 veniebas
1112 2399 1255 2479 exsulis
1273 2400 1418 2477 annosi

477 2513 675 2589 Debueras
692 2513 767 2588 illis
785 2513 1010 2612 imposuisse
1028 2513 1196 2588 modum.
1310 2572 1316 2577 .

427 2629 470 2704 Si
486 2630 556 2704 tibi
573 2654 665 2707 cura
681 2629 769 2718 mei,
787 2631 847 2705 vel
864 2630 897 2704 ai
916 2630 1038 2730 pudor
1053 2629 1154 2707 ullus
1172 2630 1326 2713 inesset.
1450 2633 1473 2705 5

476 2746 565 2821 Non
582 2748 682 2823 ultra
698 2745 859 2844 patriam
876 2771 938 2825 me
956 2769 1159 2845 sequerere
1176 2770 1324 2835 menm3
1372 2812 1378 2817 .

425 2859 590 2960 Quoque
600 2863 684 2939 loco
695 2861 858 2962 primum
869 2861 938 2937 tibi
949 2885 1034 2938 sum
1045 2863 1143 2936 male
1155 2862 1329 2960 cognitus
1339 2860 1473 2949 infans,

476 2976 547 3052 lllo
564 2989 753 3054 tentasses
771 2979 926 3054 ultimus
944 3002 1030 3055 esse
1047 2978 1153 3055 mihi.

423 3090 590 3192 Jamque
607 3093 868 3192 relinquenda,
888 3095 992 3192 quod
1009 3092 1112 3171 idem
1129 3093 1253 3170 secere
1271 3094 1434 3182 sodales,

473 3207 533 3282 Tu
551 3232 705 3310 quoque
722 3209 886 3285 dixisses
904 3210 1023 3286 tristis
1041 3209 1079 3283 in
1099 3210 1206 3297 urbe,
1225 3209 1320 3285 vale.
1430 3215 1474 3284 10

455 3453 497 3501 ⁶2
513 3452 613 3504 Heinsio
628 3464 753 3522 suspectus
768 3455 926 3507 useridetnr
1007 3455 1317 3520 swueornumama]
1334 3454 1476 3521 Imple-
1567 3461 1571 3466 '

423 3524 463 3575 lric
482 3525 556 3577 locus.
596 3529 648 3596 Ego
666 3544 721 3579 vero
742 3546 819 3596 neque
837 3531 926 3579 vellem
974 3530 1052 3596 riqne.
1084 3530 1175 3581 Heras.
1518 3536 1524 3541 '

423 3598 483 3649 adeo
504 3599 574 3652 facile
599 3617 744 3667 expungere,
766 3619 843 3669 neque
869 3620 924 3653 enm
1008 3607 1033 3662 7,
1052 3606 1077 3653 B.
1101 3603 1205 3670 lrnpinm
1226 3602 1271 3652 hoo
1290 3601 1409 3652 muman
1427 3619 1474 3652 nen

422 3672 508 3722 Burm.
526 3675 752 3741 corrigendorum
769 3694 851 3727 novam
868 3680 925 3726 mili
974 3694 1043 3744 oque
1065 3677 1152 3745 placet,
1171 3693 1244 3745 qoam
1257 3677 1322 3727 fictio
1338 3675 1434 3743 poetica
1451 3684 1476 3727 aa

422 3749 465 3795 dal
482 3764 525 3810 pro
544 3751 593 3799 lure
615 3767 683 3812 pens
701 3750 792 3816 focum.
835 3753 925 3803 Sensus
974 3751 1342 3817 adlocutiosdnslalem,quem
1352 3762 1475 3817 tamqnam

421 3821 486 3871 enim
503 3832 547 3872 est.
580 3824 636 3874 Jam
655 3840 729 3890 poens
746 3826 797 3874 sire
813 3825 924 3876 exsilium
975 3826 1079 3877 Genium
1090 3827 1259 3877 suthominem
1268 3825 1369 3882 inducit,
1377 3833 1475 3875 stacer·

422 3910 501 3945 nonne
522 3895 581 3945 mihi
602 3897 645 3947 dat
664 3898 775 3948 stabilem
796 3900 925 3965 quemdam
974 3900 1007 3949 ba
1026 3901 1152 3967 brevisque
1172 3899 1322 3967 reprehensio
1339 3900 1474 3950 timidorum

421 3968 502 4021 loenm
518 3979 544 4020 et
558 3972 730 4025 habitationem
746 3989 788 4039 pro
804 3973 925 4025 amaillo
974 3973 1113 4033 amicorum}
1131 3977 1190 4041 quod
1208 3977 1268 4025 ἰάσει
1280 3974 1363 4040 faeere
1382 3975 1475 4025 nodab.
1576 3982 1579 3988 “

422 4042 552 4095 Romanol
584 4045 645 4102 Ant,
660 4045 681 4097 si
696 4047 838 4113 conjecture
856 4048 925 4101 locus
974 4047 1088 4099 Hunnss.

421 4118 526 4177 dabitur,
542 4119 590 4186 legi
608 4121 704 4190 potent.
729 4121 827 4186 Jamque
842 4124 923 4181 alian,
1007 4123 1031 4170 7.
1050 4122 1333 4189 Quaesumus-imm]
1351 4121 1473 4181 silum,

422 4201 465 4243 ant
485 4193 540 4244 Jssa
559 4199 666 4249 nium
685 4197 749 4254 erili,
769 4196 817 4247 &a
845 4207 872 4247 ua
892 4197 925 4247 sia
974 4197 1168 4263 quamprimum
1182 4206 1253 4248 nnus
1269 4196 1312 4247 fui.
1344 4196 1400 4246 Susa
1416 4198 1474 4247 uls

421 4268 491 4332 quasi
521 4269 652 4336 explicatio
678 4285 759 4321 vernus
787 4270 922 4338 superioris.
973 4273 1086 4336 segnem
1129 4272 1187 4321 Sum
1207 4269 1333 4323 inleliciter
1356 4272 1474 4337 saguntus,

421 4340 535 4393 Hasna.
972 4343 1043 4394 malis
1062 4353 1087 4394 et
1104 4344 1238 4397 infortuniis
1256 4343 1342 4395 exsilii.
1365 4343 1475 4393 creseus

972 4417 1152 4470 Consuesse.

455 4490 479 4537 4.
495 4490 615 4554 Modum]
635 4490 882 4549 sinemurum.
910 4486 914 4493 Χ
