3609 5967
465 778 1147 885 rararluunrn.1v.nnno.vr.
1266 784 1331 853 au

283 950 367 1028 Hoc
385 956 502 1030 etiam
519 978 638 1029 saevas
656 953 840 1054 paulatim
857 953 1007 1049 mitigat
1023 954 1118 1045 iras3
1286 958 1331 1035 15

334 1068 418 1143 Hoc
434 1071 569 1145 minuit
585 1073 724 1159 luctus,
744 1081 957 1167 moestaque
975 1071 1090 1145 corda
1107 1073 1218 1147 levat.

284 1181 434 1259 Cuncta
450 1195 575 1284 potest
591 1186 706 1283 igitur
724 1185 840 1260 tacito
855 1186 954 1283 pede
972 1186 1081 1285 lapsa
1095 1197 1264 1262 vetustas

333 1298 593 1398 Praeterquam
611 1324 722 1375 curas
741 1303 946 1397 adtcnuara
962 1326 1080 1377 meas.

284 1411 338 1487 Ut
356 1414 478 1512 patria
493 1439 616 1503 careo,
636 1416 696 1489 bis
713 1414 884 1513 frugibus
902 1441 991 1491 arca
1006 1419 1096 1493 trita
1113 1428 1193 1507 est;

334 1529 513 1605 Dissiluit
529 1531 632 1605 nudo
650 1555 782 1630 pressa
798 1533 857 1606 bis
875 1557 948 1608 uva
964 1534 1074 1632 pede.
1282 1539 1332 1608 20

285 1643 369 1720 Nec
387 1646 550 1743 quaesita
565 1658 692 1723 tamen
710 1648 834 1747 spatio
851 1644 1034 1749 patientia
1050 1652 1162 1748 longo
1178 1660 1258 1741 est3

334 1758 526 1858 Mensque
541 1763 629 1836 mali
644 1787 798 1837 sensum
815 1776 944 1839 nostra
961 1766 1124 1841 recentis
1142 1767 1270 1841 habat.

284 1873 453 1962 Scilicet,
473 1887 512 1950 ct
527 1887 675 1952 veteres
692 1876 841 1975 fugiunt
853 1880 948 1977 juga
964 1904 1080 1956 curva
1092 1882 1244 1980 juvenci
1258 1908 1267 1972 ;

336 1989 387 2063 Et
403 1991 569 2067 domitus
586 1991 702 2067 sraeno
719 2017 823 2092 saepe
841 2006 1029 2094 repugnat
1045 2016 1181 2094 equus.

284 2102 440 2179 Tristior
457 2117 517 2183 cst
534 2107 649 2181 etiam
668 2132 835 2206 praescns
850 2132 1019 2185 oerumna
1036 2111 1180 2209 priore:
1283 2116 1333 2187 25

337 2220 392 2295 Ut
408 2221 458 2295 sit
473 2223 574 2296 enirn
592 2224 665 2298 sibi
683 2247 764 2322 par,
784 2226 914 2313 crevit,
934 2238 974 2300 ct
991 2237 1105 2301 aucta
1120 2251 1226 2301 mora
1242 2237 1314 2302 cst.

286 2331 369 2413 Nec
379 2346 457 2411 tam
467 2337 670 2424 notamini,
679 2361 795 2435 quarn
806 2349 908 2426 sunt,
917 2341 1018 2415 mala
1026 2351 1154 2416 nostra
1163 2341 1332 2430 fuerunt3

338 2451 417 2527 Sed
434 2454 555 2549 magis
570 2452 657 2541 hoc,
675 2478 752 2552 quo
770 2465 859 2531 sunt
872 2455 1094 2553 cognitiora,
1109 2467 1278 2554 gravant.

287 2564 359 2641 Est
376 2591 531 2665 quoque
548 2593 624 2645 non
641 2570 851 2658 minimum,
869 2572 968 2646 vires
986 2570 1132 2646 adferre
1149 2572 1335 2661 recantas,

337 2679 375 2755 N
377 2704 422 2756 ec
440 2694 761 2781 proeconsumturn
775 2686 957 2784 temporis
975 2710 1060 2761 esse
1077 2687 1200 2761 malis.
1287 2692 1337 2759 30

288 2796 434 2873 Fortior
450 2799 490 2872 in
506 2799 608 2875 fulva
625 2824 744 2874 novus
762 2810 822 2875 est
838 2802 1001 2876 luctator
1019 2825 1143 2889 arena,
1269 2804 1278 2835 ⁸

339 2911 463 2997 Quam
482 2916 544 2990 cui
562 2927 652 2991 sunt
666 2918 776 2991 tarda
792 2916 950 2991 brachia
965 2917 1067 2991 fessa
1083 2940 1208 2991 mora:

288 3026 443 3125 Integer
460 3041 519 3105 est
535 3032 668 3105 rnclior
685 3031 814 3105 nitidis
832 3032 1018 3128 gladiator
1031 3032 1069 3105 in
1087 3033 1215 3118 armis,

339 3142 465 3227 Quam
483 3146 544 3219 cui
562 3147 642 3222 tela
658 3172 727 3222 suo
745 3147 928 3245 sanguine
945 3147 1067 3221 tincta
1083 3149 1243 3223 rubent:

290 3257 379 3332 Fert
396 3244 495 3334 beric
513 3262 728 3366 proecipites
746 3264 851 3338 navis
869 3263 982 3349 modo
1000 3261 1101 3337 sacta
1118 3264 1322 3362 procellaa3

340 3374 561 3481 Quamlibet
578 3377 718 3475 exiguo
736 3379 893 3454 solvitur
911 3379 1031 3455 imbre
1049 3390 1170 3455 vetus.
1289 3382 1338 3453 36

289 3646 467 3697 loeartOridii
477 3648 619 3707 ataiionun
628 3652 670 3701 nbi
679 3653 792 3703 rotiliano
839 3654 908 3703 lucta
917 3651 988 3710 ludit,
999 3651 1153 3718 etpalaatra.
1176 3652 1339 3703 fumantem

289 3719 434 3785 adjectivum
444 3722 672 3787 gencnamueulini
682 3725 791 3775 additum
841 3726 888 3776 tria
913 3725 1027 3776 athletica
1047 3724 1188 3781 certamina,
1210 3725 1236 3774 in
1254 3725 1342 3791 quibui

289 3793 370 3852 habat,
386 3804 413 3844 ut
426 3805 510 3845 auctor
527 3797 665 3849 merorum
685 3801 789 3850 Etonan·
840 3800 966 3850 certabant
991 3799 1127 3865 corporibus
1152 3798 1210 3857 auia,
1229 3813 1341 3856 currerat,

289 3869 493 3920 aiaraadnotavit.
515 3871 630 3921 Hanno.
809 3890 814 3899 ·
841 3872 944 3938 pugiles,
961 3881 986 3922 et
1004 3872 1148 3922 locutores:
1173 3872 1215 3922 alii
1236 3872 1342 3938 quinquo

322 3944 363 3992 33.
373 3944 474 4002 Senior,
490 3955 513 3994 rt
529 3946 636 4010 ortem]
656 3945 725 3996 Dicit
740 3962 791 3996 nta—
840 3954 958 4003 atatuunt,
971 3946 1055 4003 aaltua,
1068 3961 1159 4003 eunus,
1176 3945 1265 4003 diaeta.
1273 3945 1343 4012 jacu-

289 4017 340 4066 inm
348 4019 477 4071 tetradii
491 4019 526 4068 ita
543 4034 627 4070 reeens
637 4020 721 4077 videri,
734 4036 792 4086 que·
842 4020 901 4077 lum,
910 4020 986 4070 lucta.

290 4091 686 4160 nadtoodurnjugnmplarumqua
701 4104 726 4144 rt
739 4095 793 4144 fra·
875 4094 916 4142 33.
928 4093 1017 4141 Nitidr'a
1033 4091 1133 4155 oretria]
1159 4091 1190 4140 In
1205 4105 1289 4156 campo
1306 4105 1345 4141 rc·

291 4181 348 4214 nam
363 4166 474 4230 jurencia
491 4175 517 4216 et
532 4167 610 4233 equit,
623 4166 666 4232 qui
684 4167 794 4232 quamvis
842 4176 924 4215 centor
937 4180 1010 4215 trena
1025 4173 1106 4216 atrato.
1138 4162 1189 4214 Atii
1204 4166 1344 4220 armame-

291 4238 334 4290 diu
348 4239 397 4288 illia
417 4240 725 4298 mensurnorum
741 4250 794 4290 tan·
843 4237 904 4286 liua:
922 4237 981 4304 quid
1001 4237 1065 4287 anim
1083 4244 1139 4286 aunt
1158 4237 1237 4285 atride
1253 4235 1345 4283 orm?

292 4328 365 4377 quaro
387 4328 473 4362 noram
497 4313 632 4363 molestiam
653 4314 794 4381 plerumque
844 4327 918 4377 quum
932 4314 1093 4360 armatura
1106 4305 1344 4373 obponanturfoeda-

292 4385 413 4451 rejiciunt.
436 4386 528 4437 Hatra.
843 4385 1011 4451 insanguine,
1022 4384 1073 4435 aira
1083 4384 1196 4448 anaguina
1206 4382 1301 4430 tinctis:
1314 4380 1345 4430 de

326 4460 368 4507 31.
378 4458 471 4508 Fortior
479 4461 606 4527 infatua]
625 4461 748 4528 Exemplis
757 4478 794 4511 ar·
844 4460 933 4525 quibua
947 4458 1003 4509 vide
1021 4458 1104 4508 Bentl.
1119 4455 1151 4506 ad
1168 4454 1301 4514 Horatium,
1320 4454 1346 4505 ii.

293 4532 356 4597 guit,
374 4533 450 4582 multo
466 4534 543 4599 magia
556 4550 654 4600 gravare
674 4536 740 4586 maia
753 4551 795 4585 ve·
845 4532 922 4583 orti.
948 4533 1038 4581 Buarr.

294 4616 353 4663 tera,
371 4622 445 4671 qaam
463 4607 576 4659 recentia.
611 4610 730 4663 Luctator.
746 4610 795 4668 Qui
945 4678 968 4727 U

941 4726 950 4751 ὓ
