3609 5967
452 805 523 870 EX
547 802 708 869 ΡΟΝΤΟ
735 801 825 867 LlB.
850 801 899 867 II.
925 800 1071 869 Eplsr.
1094 802 1178 867 Vll.
1273 802 1339 868 ltu

288 976 359 1053 Est
376 977 429 1051 illi
447 1002 547 1052 curre
566 1001 626 1051 me
644 975 816 1075 perdere,
836 998 1001 1072 quaeque
1018 976 1166 1052 solebat

337 1094 434 1169 Esse
452 1094 557 1182 levis,
578 1102 756 1167 constans
774 1102 814 1166 et
830 1092 929 1166 bene
946 1102 1052 1165 certa
1069 1101 1193 1167 nocet.

288 1209 414 1284 Crede
430 1209 535 1295 mibi,
555 1209 587 1281 si
605 1231 689 1281 sum
706 1206 784 1280 veri
801 1206 871 1280 tibi
888 1206 1065 1304 cognitus
1083 1207 1171 1296 oris,

338 1325 421 1401 Nec
439 1325 541 1401 fraus
559 1325 596 1398 in
616 1325 753 1399 nostris
770 1323 924 1399 casibus
942 1348 1027 1399 esse
1045 1334 1192 1423 potest3
1287 1405 1290 1410 ,

289 1440 490 1541 Cinyphiae
509 1440 651 1537 segetis
669 1440 782 1515 citius
800 1440 1018 1515 numerabis
1032 1440 1180 1527 aristas,
1289 1445 1338 1514 25

337 1556 505 1656 Altaque
523 1580 639 1656 quam
654 1557 782 1631 multis
799 1557 933 1631 floreat
949 1555 1081 1656 Hybla
1097 1557 1251 1656 thymis,

288 1670 340 1746 Et
357 1685 453 1771 quot
469 1698 557 1748 aves
576 1673 687 1747 motis
705 1672 874 1747 nitantur
891 1672 930 1745 in
949 1695 1036 1747 aera
1053 1673 1202 1771 pennis,
1328 1669 1333 1683 '

338 1787 518 1887 Quotque
536 1797 668 1864 natent
685 1788 809 1888 pisces
827 1811 992 1885 aequore,
1011 1799 1140 1863 certus
1158 1789 1245 1876 eris,

288 1903 414 1989 Quam
431 1905 500 1978 tibi
518 1916 731 1980 nostrorum
749 1914 938 1980 statuatur
955 1928 1104 1979 summa
1117 1905 1302 1994 laborum,

336 2020 443 2106 Quos
460 2046 532 2119 ego
549 2044 634 2095 sum
651 2031 762 2111 terra,
783 2046 880 2121 quos
898 2037 1125 2126 ego'passus
1143 2045 1256 2120 aqua.
1289 2027 1339 2096 30

288 2135 404 2211 Nulla
422 2138 531 2212 Getis
551 2148 632 2214 toto
651 2163 745 2236 gens
763 2149 823 2214 est
839 2137 1087 2212 truculentior
1103 2139 1219 2214 orbe:
1283 2129 1287 2138 ⁴

338 2254 415 2328 Sed
434 2265 561 2331 tamen
580 2256 619 2329 hi
634 2256 772 2330 nostris
790 2255 1010 2352 ingemuere
1027 2253 1151 2329 malis.

286 2368 382 2454 Quae
400 2369 468 2445 tibi
483 2372 515 2444 si
533 2371 690 2446 memori
708 2395 822 2445 coner
839 2371 1075 2469 perscribere
1092 2394 1216 2458 versu,

338 2485 428 2561 Ilias
446 2495 506 2561 est
521 2486 608 2562 latis
625 2487 739 2584 longa
755 2485 881 2560 futura
898 2486 1007 2561 meis.
1309 2561 1310 2566 ,

287 2598 376 2674 Non
389 2600 502 2699 igitur
513 2626 655 2689 vereor,
668 2602 771 2701 quod
786 2614 824 2676 te
837 2625 921 2676 rear
934 2625 1020 2678 esse
1030 2603 1253 2691 verendum,
1287 2607 1336 2678 35

337 2715 458 2816 Cujus
476 2716 707 2792 amornobis
725 2717 884 2817 pignora
900 2718 1003 2793 mille
1021 2718 1150 2808 dedit3
1419 2723 1423 2728 '

287 2830 365 2906 Sed
383 2832 474 2930 quia
489 2857 549 2907 res
563 2833 696 2907 timida
709 2843 769 2908 est
780 2833 904 2908 omnis
921 2833 1047 2922 miser,
1064 2844 1105 2910 et
1123 2834 1214 2932 quia
1225 2835 1338 2933 longo

336 2946 522 3048 Tempore
539 2949 680 3023 laetitiae
694 2950 813 3046 janua
830 2951 961 3025 clausa
978 2961 1073 3025 meae
1091 2960 1162 3026 est.

285 3060 309 3135 J
312 3087 373 3138 am
390 3064 497 3139 dolor
514 3066 554 3139 in
570 3088 714 3141 morem
730 3066 834 3141 venit
850 3090 980 3142 meus:
1000 3077 1121 3165 utque
1139 3065 1295 3141 caducis

337 3179 528 3255 Percussu
545 3182 677 3255 crebro
695 3205 791 3255 saxa
807 3193 987 3257 cavantur
1005 3182 1137 3281 aquis;
1287 3186 1338 3255 lo
1421 3249 1424 3262 ,

287 3295 352 3370 Sic
371 3322 442 3394 ego
459 3299 638 3373 continuo
655 3298 814 3372 fortunae
830 3299 1005 3372 vulneror
1022 3297 1122 3386 ictu;

335 3411 487 3510 Vixque
505 3414 621 3488 habet
638 3413 676 3488 in
691 3415 800 3489 nobis
814 3417 895 3514 jam
913 3438 1010 3490 nova
1025 3414 1140 3513 plaga
1157 3414 1295 3488 locum.

287 3527 368 3604 Nec
387 3531 507 3629 magis
526 3532 684 3606 adsiduo
702 3556 831 3606 vomer
849 3519 1026 3605 tenuatur
1044 3531 1092 3604 ab
1111 3555 1196 3616 usu,

335 3645 419 3722 Nec
437 3649 558 3746 magis
576 3659 636 3724 est
653 3648 777 3723 curvis
796 3647 924 3747 Appia
941 3646 1031 3720 trita
1048 3645 1152 3732 rotis,

316 3982 357 4030 22.
376 3981 487 4032 Constans
504 3994 528 4032 rt
544 3986 599 4033 brus
616 3994 680 4033 certa
696 3983 784 4047 norea]
834 3981 946 4032 frumenti
957 3980 1059 4049 copiam,
1070 3980 1179 4030 horreum
1190 3978 1335 4030 tuitRoma·

284 4055 355 4104 Nunc
370 4071 417 4105 non
434 4067 471 4108 ert
486 4057 589 4125 mplius
602 4056 733 4115 mutabilis,
744 4066 786 4107 aut
834 4072 929 4105 norum.

283 4129 342 4179 levis
352 4131 454 4188 mne,
465 4132 508 4181 sed
522 4140 634 4182 constans
644 4140 668 4180 et
681 4131 749 4180 firma
759 4130 785 4180 in
867 4131 909 4179 3³.
919 4130 1063 4179 Peneribere
1077 4126 1165 4190 cerm]
1186 4127 1336 4192 Destringcrae

285 4203 469 4254 nocendomilri.
833 4204 1024 4260 Twisdenisnus,
1035 4219 1077 4270 pro
1088 4201 1188 4252 strictim
1198 4215 1336 4259 recentem

316 4279 358 4328 25.
376 4279 495 4342 crnyptr'ae
509 4279 610 4346 uegeta]
626 4279 718 4345 Cinyps
739 4280 783 4328 flu·
833 4279 966 4345 eleganter.
991 4279 1079 4329 Glossa
1095 4277 1155 4342 ejus,
1170 4274 1196 4324 id
1206 4278 1335 4336 estaper-

284 4351 337 4399 vius
354 4362 391 4401 ut
412 4355 585 4404 Garamantum
591 4373 599 4416 ;
615 4353 684 4422 Mela
702 4351 784 4402 scribit
834 4364 927 4402 merset
938 4370 1044 4402 norrore.
1071 4353 1162 4400 Herus.

284 4426 383 4475 flurium
401 4444 453 4478 esse
467 4429 494 4478 in
510 4429 595 4495 Libys,
610 4444 653 4495 per
667 4426 785 4477 uberrime
867 4429 908 4476 at.
921 4425 1092 4493 Languidus]
1111 4426 1221 4487 [ποριῶ
1231 4436 1299 4487 opus,
1308 4428 1337 4472 ut

284 4516 341 4549 arva
358 4501 491 4562 mdentcm,
508 4519 523 4554 a
538 4521 586 4570 quo
601 4502 728 4568 Cinyphio
747 4518 784 4551 re·
834 4510 872 4549 ert
882 4500 979 4549 Homeri
988 4499 1046 4548 llias
1056 4497 1087 4547 (le
1097 4497 1161 4546 bello
1170 4496 1280 4561 Trojano.

283 4583 350 4638 getes
369 4575 522 4641 adpelluntur
538 4593 554 4626 a
570 4579 655 4644 poetis,
675 4576 720 4625 hoc
740 4584 785 4632 est,
867 4575 908 4621 ⁴4.
920 4572 1015 4635 Appia]
1032 4571 1080 4622 Via
1093 4569 1135 4618 ille
1146 4571 1177 4618 ab
1188 4568 1269 4635 Appio
1279 4583 1335 4617 cen·

285 4649 397 4714 Libycum
418 4650 496 4717 Libya
518 4652 583 4701 enim
604 4654 635 4701 ob
656 4650 785 4700 maximam
835 4643 1193 4711 wrestrstaetcognourinats.

935 4722 1007 4769 ΕΗ
