3609 5967
482 750 718 821 TRISTIUM
741 750 833 815 LlB.
858 749 900 814 V.
926 748 1063 818 ELEG.
1088 751 1137 816 X.
1272 753 1339 820 Μ

641 1037 890 1115 ELEGIA
927 1036 977 1111 X.

291 1275 353 1349 UT
370 1298 502 1349 sumus
519 1273 559 1347 in
576 1272 715 1360 Ponto,
734 1283 794 1346 ter
809 1269 947 1368 frigore
964 1268 1136 1345 constitit
1153 1270 1264 1361 Ister,

340 1389 459 1465 Facta
476 1401 536 1463 est
555 1386 696 1462 Euxini
714 1387 810 1460 dura
824 1395 884 1460 ter
900 1386 1004 1460 unda
1019 1385 1146 1461 maris.

290 1507 343 1582 At
359 1506 451 1581 mihi
464 1508 544 1604 jum
562 1504 692 1578 videor
708 1501 833 1601 patria
849 1501 980 1601 procul
997 1525 1083 1576 esse
1100 1512 1159 1578 tot
1175 1504 1296 1591 annis,

341 1622 521 1696 Dardano
538 1631 633 1717 quot
651 1617 767 1692 Graio
785 1616 899 1715 Troja
916 1616 988 1690 sub
1002 1617 1112 1692 hoste
1129 1616 1212 1692 fuit.

291 1738 403 1814 Stare
421 1749 546 1838 puteo,
565 1735 662 1811 adeo
679 1735 889 1836 pmcedunt
907 1745 1080 1835 tempora
1096 1740 1215 1828 tande,
1317 1746 1341 1816 5

341 1853 395 1928 Et
412 1854 559 1953 peragit
576 1853 688 1928 lentis
706 1851 882 1951 passibus
900 1876 1021 1927 annus
1039 1854 1123 1929 iter.

293 1969 376 2046 Nec
394 1970 487 2045 mihi
500 1970 704 2045 solstitium
718 1968 929 2067 quidquam
942 1970 991 2044 de
1007 1971 1182 2045 noctibus
1193 1970 1339 2061 aufem

343 2085 470 2160 Efficit
486 2095 666 2182 angustos
680 2108 751 2158 nec
770 2083 861 2157 mihi
880 2084 1015 2159 bruma
1027 2085 1132 2161 dies:

293 2201 449 2277 Scilicet
467 2201 504 2275 in
522 2202 631 2276 nobis
649 2224 775 2276 rerum
792 2210 929 2274 natum
944 2208 1084 2275 novata
1099 2212 1171 2288 est,

343 2317 521 2415 Cumque
539 2316 634 2392 meis
651 2316 753 2391 curis
771 2316 898 2391 omniu
915 2316 1031 2412 longa
1046 2316 1150 2391 iacit.
1296 2322 1342 2392 10

293 2430 330 2505 N
333 2458 396 2506 um
415 2442 602 2532 peragunt
619 2430 753 2505 solitos
770 2431 988 2506 communia
1003 2441 1176 2532 temporo
1191 2442 1329 2520 motus,
1424 2466 1427 2471 Α

344 2547 520 2645 Suntque
537 2547 658 2642 magis
675 2547 763 2621 vitae
780 2558 955 2646 tempora
971 2548 1067 2622 dura
1082 2550 1205 2623 meael

292 2662 419 2748 Quem
435 2672 541 2739 tenet
558 2660 699 2735 Euxini
717 2662 882 2737 mendax
900 2662 1124 2760 cognomine
1140 2664 1242 2752 litus,

345 2777 397 2854 Et
415 2778 588 2878 Scythici
606 2801 694 2852 vere
711 2789 812 2854 terra
828 2778 983 2854 sinistra
999 2778 1096 2855 freti.

295 2894 508 2970 lnnumem‘e
526 2895 629 2969 circo
645 2904 780 2991 gentes
797 2893 877 2969 sera
893 2895 995 2969 bella
1011 2894 1213 2983 minantur,
1280 2900 1344 2970 ·15

317 3009 440 3109 ,Quae
459 3010 531 3085 sibi
548 3034 624 3085 non
639 3020 749 3108 rapto
765 3010 889 3084 vivere
908 3020 1020 3109 turpe
1038 3010 1186 3110 putant.

295 3125 361 3200 Nil
379 3137 489 3202 extra
504 3137 628 3201 tutum
645 3137 727 3202 est:
755 3126 924 3200 tumulus
941 3124 1158 3200 defenditur
1175 3148 1278 3223 aegre
1396 3110 1398 3116 ’
1509 3132 1511 3146 “

345 3241 538 3317 Moenibus
555 3243 717 3341 exiguis,
737 3243 966 3341 ingenioque
984 3244 1072 3317 loci.
1170 3296 1174 3305 ·

295 3357 423 3445 Quum
441 3360 594 3435 minime
611 3357 758 3447 credas,
778 3370 821 3433 ut
840 3383 941 3445 aves,
961 3357 1209 3434 densissimus
1227 3359 1347 3434 hostis

345 3473 520 3563 Advolat,
539 3485 579 3550 ct
596 3476 764 3574 praedam
782 3475 846 3549 vix
864 3475 963 3549 bene
976 3473 1080 3548 visus
1097 3473 1196 3571 ogit:
1295 3480 1346 3550 20

298 3590 410 3690 Saepe
427 3592 527 3667 intra
543 3617 671 3667 muros
688 3590 828 3667 clausis
844 3590 1035 3666 venientia
1051 3590 1170 3690 portis

347 3706 423 3782 Per
439 3708 584 3783 medius
601 3709 764 3806 legimus
782 3708 897 3782 noxia
913 3708 991 3782 tela
1007 3708 1100 3809 vius.

299 3820 370 3897 Est
387 3822 502 3921 igitur
519 3847 638 3911 rarus,
657 3826 724 3922 qui
739 3849 805 3900 rus
823 3825 948 3900 colere
966 3826 1125 3915 audeat3
1147 3825 1257 3922 isque

348 3939 432 4014 Hac
447 3951 529 4016 arat
546 3940 691 4030 infelix,
711 3942 783 4018 hoc
800 3952 907 4018 tenet
924 3965 1028 4016 arma
1045 3965 1182 4016 manu:

334 4158 371 4206 1³.
382 4156 484 4207 Mandas
496 4157 649 4224 cognatm]
662 4159 712 4217 Qui
722 4158 802 4226 potio·
848 4161 969 4211 llincnm
986 4157 1100 4214 morium,
1116 4156 1185 4207 docet
1199 4172 1240 4207 eos
1256 4172 1270 4205 e
1286 4156 1354 4206 bello¹

298 4229 499 4297 autunnalis„
620 4265 628 4285 i
851 4244 924 4301 atque
941 4242 1010 4300 rapto
1025 4232 1114 4289 vivere,
1131 4230 1204 4296 idque
1221 4228 1351 4295 pulcherri-

333 4305 374 4353 14.
388 4304 640 4370 veremudum]
654 4306 719 4356 Vm
729 4314 800 4364 tem,
851 4324 917 4357 mum
931 4307 1030 4356 ducere.
1058 4305 1107 4354 Sili
1123 4322 1168 4354 non
1184 4312 1258 4366 rupto»
1269 4316 1352 4351 ⁰¹1¹ssss

264 4388 266 4393 ·
298 4385 328 4426 ut
339 4376 365 4426 in
377 4377 473 4428 sinistro
486 4386 555 4445 perte
567 4378 623 4436 sita,
635 4378 753 4430 nicetium
762 4380 799 4430 iu·
850 4382 970 4432 melium.
994 4381 1086 4430 limus.

299 4450 368 4501 telin.
884 4454 1075 4522 1anng
1086 4451 1151 4516 uec]
1169 4450 1222 4500 suu
1233 4455 1354 4500 etnim

335 4526 374 4575 16.
388 4526 445 4582 Qu
458 4528 504 4575 niti
520 4529 629 4589 derepto
645 4529 720 4577 oium
734 4538 801 4591 torpe
850 4527 908 4578 loci.

288 4599 406 4664 ‚putontl
435 4599 578 4657 Herodotus,
599 4599 625 4650 in
651 4600 802 4652 recensendis
884 4603 926 4650 2³.
938 4601 979 4649 Est
995 4602 1071 4665 igitur
1081 4598 1354 4660 mmqotjmolm
