3609 5967
648 800 870 869 REMEDIA
892 801 1089 868 nuoals.
1326 802 1389 869 125

353 975 540 1051 Enervant
556 974 699 1050 animos
716 976 882 1062 citharoe,
900 976 1087 1072 lotosque,
1106 976 1294 1073 lyroeque;

404 1093 454 1167 Et
470 1118 556 1179 vox,
575 1104 614 1168 et
630 1085 792 1168 numeris
810 1092 965 1167 brachia
981 1102 1083 1165 mota
1100 1092 1190 1165 suis.

355 1209 437 1284 Illic
454 1210 613 1284 adsidue
630 1210 707 1284 ficti
724 1210 908 1284 saltantur
925 1217 1116 1295 amantes3
1319 1214 1391 1285 755

404 1324 506 1410 Quid
524 1348 657 1401 caveas
675 1334 790 1412 actor,
810 1326 902 1423 quid
916 1327 1034 1423 juvet,
1054 1332 1133 1399 arte
1149 1324 1273 1398 docet.

353 1441 521 1539 Eloquar
536 1442 695 1516 invitus:
723 1452 872 1516 teneros
890 1466 938 1517 ne
956 1451 1068 1538 tange
1086 1440 1228 1539 poiitas.

405 1557 620 1631 Submoveo
638 1558 746 1633 dotes
763 1558 900 1656 impius
919 1558 999 1657 ipse
1017 1580 1133 1631 meas.

356 1673 631 1747 Callimachum
648 1671 788 1769 fugit03
816 1698 892 1747 nou
909 1683 969 1747 est
984 1673 1155 1747 iuimicus
1174 1670 1323 1748 Amori:

406 1788 458 1862 Et
474 1813 561 1863 cum
580 1788 813 1863 Callimacho
829 1800 872 1861 tu
890 1813 1055 1888 quoque,
1069 1790 1159 1876 Coe,
1174 1812 1300 1865 noces.
1321 1793 1394 1864 760

356 1903 423 1980 Me
441 1916 543 1980 certe
562 1906 717 2004 Sappho
733 1906 926 1980 meliorem
942 1906 1033 1981 fecit
1049 1907 1200 1981 amicae:

405 2021 486 2096 Nec
504 2022 643 2119 rigidos
660 2046 783 2096 mores
800 2021 894 2096 Teia
911 2020 1025 2096 Musa
1040 2022 1157 2097 dedit.

358 2136 534 2211 Carmina
550 2138 634 2235 quis
652 2138 775 2237 potuit
790 2148 873 2211 tuto
890 2138 1028 2235 legisse
1045 2137 1196 2225 Tibulli,

406 2251 477 2327 Vel
493 2264 571 2340 tua,
589 2255 698 2351 cujus
716 2277 813 2353 opus
832 2252 1000 2352 Cynthia
1017 2254 1097 2328 sola
1113 2253 1207 2329 suit?

356 2368 450 2454 Quis
467 2370 590 2468 potuit
601 2370 700 2445 lecto
716 2371 833 2444 durus
850 2370 1045 2445 discedere
1064 2370 1196 2445 Gallo?
1320 2374 1393 2447 765

408 2483 460 2557 Et
475 2509 560 2559 mea
576 2486 703 2559 nescio
721 2486 813 2584 quid
832 2486 999 2561 carmina
1015 2487 1125 2561 dulce
1142 2494 1288 2561 sonant.

357 2600 469 2687 Quod
486 2602 557 2675 nisi
574 2603 654 2675 dux
671 2604 794 2702 operis
811 2613 934 2678 vatem
952 2602 1148 2678 frustratur
1165 2602 1323 2702 Apollo;

408 2718 579 2793 AEmulus
597 2731 656 2793 est
672 2720 789 2795 nostri
806 2721 972 2795 maxima
988 2744 1122 2795 caussa
1139 2720 1240 2793 mali.

359 2833 411 2908 At
426 2846 470 2908 tu
486 2835 638 2909 rivalem
656 2837 731 2909 noli
750 2836 819 2911 tibi
836 2836 976 2934 fingere
993 2860 1246 2935 quemquam:

411 2948 534 3050 inque
551 2977 621 3027 suo
638 2954 756 3027 solam
773 2956 884 3029 crede
897 2957 1025 3054 jacere
1037 2964 1130 3028 toro.
1324 2956 1397 3025 770

360 3067 493 3143 Acrius
512 3068 742 3144 Hermionen
760 3072 844 3146 ideo
861 3070 994 3145 dilexit
1013 3070 1186 3160 Orestes3

412 3184 507 3260 Esse
525 3188 627 3285 quod
645 3189 796 3263 alterius
813 3206 981 3289 coeperat
1001 3189 1065 3262 illa
1080 3187 1160 3263 viri.

391 3455 447 3505 ⁷5³.
464 3454 552 3520 Iotae]
567 3458 611 3507 Pet
621 3458 749 3509 arbuscula
757 3456 856 3518 Africo,
940 3458 993 3515 Quo
1007 3459 1091 3521 capion
1105 3466 1176 3513 actor,
1186 3456 1245 3518 prod
1254 3457 1335 3517 janot,
1348 3460 1400 3501 urta

358 3529 428 3595 enjus
443 3528 514 3595 liguis
529 3531 561 3581 ad
576 3532 648 3582 tntu
657 3542 748 3583 retem
758 3536 856 3585 uteban-
1002 3534 1073 3581 docet.

359 3610 413 3663 tur;
433 3604 496 3653 unde
512 3620 554 3670 pro
567 3605 631 3654 tibiis
640 3606 697 3672 ipsis
707 3606 746 3656 hic
754 3608 857 3674 ponitur.
909 3606 975 3663 Quod
977 3610 1051 3670 juvat
1058 3612 1094 3655 est
1103 3605 1129 3653 in
1138 3620 1184 3654 uno
1194 3602 1294 3653 Heinsii.
1310 3603 1400 3651 Mimus

362 3675 450 3727 Arrun.
906 3678 985 3738 docet,
993 3696 1041 3746 qua
1051 3689 1100 3729 arte
1110 3678 1190 3746 capias
1200 3678 1300 3743 puellas,
1311 3685 1335 3727 et
1345 3691 1401 3725 con·

395 3752 451 3802 756.
470 3753 532 3808 Quid
542 3771 621 3803 caum
630 3766 702 3812 actor,
714 3760 855 3820 quiajam,
906 3756 1012 3820 sequaris
1018 3755 1043 3804 id
1050 3754 1114 3821 quod
1119 3755 1196 3819 juvat,
1203 3752 1228 3801 id
1235 3758 1272 3801 est
1281 3751 1385 3817 puellam
1393 3769 1401 3813 ;

359 3834 411 3875 arte
424 3828 509 3892 dom]
530 3828 606 3877 Iocus
624 3829 760 3887 mendosus,
776 3831 858 3897 scripti
907 3829 941 3880 sie
951 3830 1110 3893 milliarum
1121 3843 1188 3884 amaa,
1198 3840 1319 3893 proquam
1329 3840 1402 3875 ames.

360 3898 476 3966 plerique,
487 3912 568 3951 auctor
577 3910 602 3951 et
609 3906 690 3965 javat.
707 3902 799 3970 Regius
813 3923 859 3969 qao
907 3904 991 3953 Doara
1000 3904 1110 3967 legebat:

353 3977 432 4035 ῙΜ·
449 3976 527 4043 [²8⁰²
942 3978 1004 4033 Quid
1021 3992 1098 4026 conca
1114 3984 1176 4033 actu,
1194 3974 1249 4038 quid
1256 3972 1334 4036 juvet,
1351 3980 1401 4020 orte

395 4050 459 4104 Quos
478 4068 558 4102 enom
576 4064 706 4118 aaronque
719 4058 789 4117 janot
809 4062 860 4103 orte
1002 4054 1090 4102 docuit.
1280 4049 1369 4097 Bona.

458 4132 532 4178 docet.
941 4124 997 4175 759.
1009 4124 1120 4173 lationem
1126 4120 1222 4186 Amoffi]
1241 4119 1403 4171 Callimachus

363 4202 861 4270 cumdixitprospectatoribusincarea
909 4194 1402 4265 Cyrenensaaanooriundunuegiuum

362 4276 507 4327 sedentibus.
523 4277 615 4327 limas.
648 4276 859 4325 Nescioanrecte.
910 4272 1008 4338 scriptor
1025 4268 1222 4337 elegantissimus,
1238 4266 1351 4317 amatoria
1371 4265 1402 4325 de

367 4348 461 4400 Caum
473 4351 575 4401 dixisset
589 4350 699 4407 Ovidius,
712 4350 732 4399 si
747 4350 798 4398 hac
814 4349 859 4415 ipsi
909 4348 975 4415 Lyde
984 4347 1114 4414 composuit
1122 4342 1279 4400 carminacui
1285 4340 1403 4391 secundus

363 4438 430 4474 meus
442 4426 533 4476 luisset.
548 4442 627 4492 neque
644 4443 729 4483 eam,
745 4440 759 4473 a
773 4442 859 4482 cam,
909 4424 1023 4480 Philetas,
1039 4438 1068 4471 ex
1086 4422 1135 4471 coo
1151 4414 1315 4467 insunuans
1332 4416 1404 4480 AEgei

365 4498 424 4564 quid
438 4498 568 4551 hucfaciat
579 4500 658 4550 video.
675 4498 695 4548 si
711 4498 775 4548 enim
791 4498 862 4547 docet
908 4497 1027 4547 oriundus.
1062 4492 1228 4558 Perlegendon,
1255 4498 1281 4539 et
1306 4488 1404 4540 adsidue

364 4573 423 4639 quid
440 4574 471 4623 sit
485 4574 614 4633 vitandum,
624 4590 671 4624 non
686 4573 794 4623 vitandos
810 4588 860 4623 &a
904 4564 1299 4636 “quidem,suasemt,drt.iii,829.
1316 4562 1405 4614 Ana.

361 4648 446 4698 mimos
454 4647 549 4699 doceret
557 4650 640 4715 potita.
656 4650 774 4713 legerem:
942 4646 998 4695 764.
1017 4644 1117 4707 Cynthia
1133 4638 1200 4705 rom]
1225 4638 1288 4690 Hinc
1306 4645 1405 4707 apparet
