3609 5967
506 767 573 835 492
804 764 845 833 Ρ.
868 762 1032 831 ovlun
1055 763 1271 831 NASONIS

508 940 612 1015 Luce
630 940 756 1017 minus
772 938 924 1014 decimu
938 938 1130 1013 dominum
1143 938 1303 1015 venietis
1320 940 1360 1015 in
1373 942 1527 1029 urbem,

561 1058 615 1133 Ut
631 1056 850 1132 festinatum
863 1080 940 1129 nou
955 1054 1104 1130 facietis
1121 1056 1206 1131 iter.

508 1174 688 1259 Protinus
707 1172 796 1247 inde
813 1173 949 1246 domus
966 1172 1074 1246 vobis
1089 1171 1276 1271 Pompeia
1292 1182 1464 1272 petatur3

560 1290 648 1365 Non
662 1301 723 1365 est
739 1288 915 1387 Augusto
928 1289 1097 1386 junctior
1112 1289 1192 1363 ulla
1207 1288 1311 1363 foro:
1515 1297 1566 1365 10

509 1404 551 1480 Si
569 1407 669 1506 quis,
687 1416 730 1480 ut
747 1404 786 1478 in
804 1406 959 1505 populu,
979 1404 1045 1502 qui
1063 1404 1160 1493 sitis,
1179 1415 1221 1479 et
1236 1405 1350 1493 unde,
1365 1406 1549 1504 requiret,

559 1521 725 1596 Nomina
742 1521 906 1619 deceptu
922 1519 1106 1618 quelibet
1123 1544 1212 1594 aure
1228 1520 1338 1595 ferat.

510 1638 564 1713 Ut
581 1637 631 1711 sit
648 1636 748 1712 enim
765 1646 903 1723 tutum,
920 1635 1021 1709 sicut
1038 1659 1121 1709 reor
1129 1628 1236 1723 esse,
1254 1636 1377 1723 fateri,

557 1754 686 1829 Verba
703 1752 827 1827 minus
845 1764 951 1829 certe
967 1752 1057 1827 fictu
1073 1752 1218 1826 timoris
1235 1752 1389 1827 habeut.

510 1870 633 1969 Copia
650 1892 720 1943 nec
738 1868 844 1944 vobis
862 1869 940 1943 ullo
955 1868 1181 1969 prohibente
1196 1868 1350 1943 videndi
1514 1874 1561 1945 15

560 1985 751 2071 Consulis,
770 1994 813 2059 ut
829 1984 947 2059 limen
963 1985 1210 2082 contigeritis,
1229 1985 1313 2061 erit

508 2100 587 2176 Aut
604 2112 711 2198 reget
727 2100 791 2175 ille
809 2124 898 2175 suos
915 2102 1079 2177 dicendo
1092 2103 1181 2199 jura
1197 2100 1378 2189 Quirites,

560 2216 821 2316 Conspicuum
837 2217 957 2315 signis
970 2241 1091 2317 quum
1109 2227 1256 2316 premet
1272 2218 1371 2291 altus
1389 2218 1505 2292 ebur:

509 2332 599 2419 Aut,
619 2333 748 2433 populi
767 2335 909 2409 reditus
928 2336 1091 2435 positam
1109 2346 1313 2433 componet
1329 2336 1378 2409 ad
1396 2336 1557 2422 hastam,

560 2448 610 2524 Et
627 2449 744 2523 minui
762 2474 909 2548 magnae
928 2475 1003 2524 non
1021 2452 1122 2525 sinet
1138 2449 1242 2524 urbis
1259 2474 1374 2549 opes:
1508 2434 1560 2523 '20

508 2564 598 2651 Aut,
618 2575 661 2639 ut
678 2575 787 2639 erunt
805 2576 934 2665 patres
951 2566 990 2640 in
1007 2564 1032 2639 J
1034 2566 1111 2639 ulia
1128 2566 1272 2664 templa
1288 2568 1422 2654 vocati,

561 2680 619 2755 De
636 2692 743 2755 tanto
761 2681 886 2779 dignis
904 2683 1062 2755 consule
1079 2682 1192 2755 rebus
1210 2693 1319 2777 aget:

508 2896 606 2945 Hormus
621 2910 689 2945 mons
698 2906 743 2955 est,
754 2898 796 2963 qui
808 2898 833 2947 in
844 2899 947 2947 Pontum
956 2915 1008 2948 ver·
1059 2897 1085 2946 id
1105 2895 1208 2947 dicimus
1228 2896 1343 2954 erudienti,
1364 2898 1429 2963 quod
1448 2896 1497 2945 non'
1515 2908 1561 2948 est.

507 2968 557 3036 git:
579 2980 678 3020 ceteros
694 2972 746 3036 ejus
760 2970 831 3038 spatii
844 2972 1009 3037 magnitudine
1061 2973 1140 3021 Ferat.
1155 2972 1255 3022 Audiat.

507 3060 536 3094 sc
554 3043 701 3095 sublimitate
717 3062 840 3112 superans,
858 3046 1009 3114 mediumque
1093 3048 1132 3096 13.
1149 3047 1183 3095 Ur
1198 3050 1228 3095 sit
1241 3047 1424 3112 tutunfuteru]
1443 3047 1561 3105 vais

505 3118 632 3167 tusciam
643 3118 763 3169 dividens.
814 3132 821 3137 ·
1047 3121 1090 3178 ¹sit
1106 3137 1215 3170 securum
1228 3136 1314 3170 nomen
1328 3130 1441 3179 vestuun,
1454 3130 1480 3170 et
1494 3121 1560 3171 uude

539 3194 564 3241 6.
578 3192 610 3241 Et
620 3193 783 3258 murisiano]
802 3196 833 3244 Et
846 3194 919 3243 meris
935 3195 1008 3255 illius,
1060 3194 1167 3251 ruistis,
1178 3194 1290 3261 profiteri.

506 3268 570 3333 quod
587 3270 617 3319 ab
629 3270 698 3319 Ionis
709 3269 804 3335 regione
820 3270 845 3319 in
857 3270 1009 3323 extremitate
1093 3271 1131 3319 ts.
1153 3270 1225 3332 Copia
1245 3287 1287 3319 use
1306 3270 1388 3332 notu]
1411 3268 1458 3317 uie
1475 3272 1560 3317 sersus

506 3341 602 3391 minoris
612 3344 676 3394 Asin
694 3345 780 3404 medis,
797 3344 858 3394 iuter
872 3344 968 3396 Curium
983 3357 1008 3397 et
1057 3352 1148 3402 monet,
1164 3360 1213 3393 non
1228 3344 1262 3393 itu
1275 3344 1311 3394 eis
1326 3343 1421 3393 facilem
1437 3342 1485 3391 iore
1499 3357 1558 3391 con·

494 3416 611 3465 'AEoiium
626 3434 702 3485 usque
716 3418 747 3469 sd
763 3420 871 3471 sutrim
888 3422 1008 3487 protendi·
1057 3417 1117 3467 suh's
1130 3418 1229 3469 videndi
1245 3419 1348 3485 cupium,
1363 3416 1557 3484 qundoquidem

505 3498 554 3541 tur.
1057 3491 1098 3541 ille
1112 3492 1222 3542 maximis
1237 3494 1263 3541 in
1276 3494 1348 3542 rebus
1362 3499 1492 3557 occupatus
1502 3490 1559 3539 erit.

539 3566 563 3613 8.
577 3562 610 3613 Ut
624 3582 669 3614 uou
676 3566 776 3632 sartoris
790 3570 835 3617 iter
843 3570 1007 3636 fruindum]
1044 3566 1123 3620 ,utu
1139 3564 1229 3633 Aliquo
1239 3567 1282 3633 qui
1294 3566 1361 3617 vobis
1377 3567 1404 3616 id
1419 3566 1559 3632 prohibeat5

388 3674 395 3681 .
506 3638 623 3699 Quamvis
633 3656 680 3689 non
690 3642 828 3707 properetis.
1056 3640 1100 3690 sed
1116 3640 1287 3707 occupationes
1302 3642 1405 3707 publicu
1421 3640 1447 3689 id
1460 3656 1507 3689 non
1522 3641 1557 3689 si-

541 3714 579 3763 10.
598 3714 657 3762 Foro
673 3716 799 3780 Augusto]
827 3716 886 3765 Foro
903 3716 1008 3783 Augturi
1058 3718 1127 3765 nunt.

503 3786 589 3836 addito
603 3788 696 3839 duobus
712 3790 766 3839 eliis
783 3790 1005 3857 form-Pompeio·
1092 3788 1557 3854 tumoremque-‚melianum-

505 3874 558 3907 rum
578 3860 663 3910 domus
684 3863 709 3911 in
729 3863 824 3913 Curinis
851 3865 882 3913 ud
902 3865 1007 3916 Telluris
1056 3863 1290 3913 mmetcurulern.

505 3932 653 3981 aremus:
671 3936 810 3985 smuuue
824 3936 1006 3989 uouem-
1091 3940 1132 3988 ro.
1154 3940 1212 3995 Au,
1231 3940 1312 4001 muti
1334 3941 1422 3987 rodum
1440 3938 1555 4001 rem]

389 4006 398 4016 “
499 4016 562 4055 snut.
574 4022 596 4055 c.
606 4009 643 4057 15.
670 4008 783 4059 Hirrus.
1056 4010 1556 4077 Aminquitmunsulpoeitsintomhm

541 4081 577 4129 ll.
594 4080 627 4129 Ut
641 4085 666 4131 iu
679 4083 785 4147 popum]
798 4084 1007 4142 Quemadmodum
1057 4085 1181 4151 procorus,
1199 4093 1236 4143 ut,
1254 4085 1334 4151 inquit
1351 4086 1443 4142 (fiseo,
1457 4084 1555 4150 public:

505 4154 599 4219 vulgus,
616 4154 666 4209 sive
686 4156 788 4223 populus
803 4157 863 4207 solut
878 4157 1007 4222 requirere.
1058 4158 1185 4223 vectigalis
1205 4158 1231 4208 in
1247 4159 1358 4211 suctione
1372 4158 1482 4214 emenda,
1497 4173 1554 4207 cou-

507 4228 554 4283 Qur'
581 4231 639 4279 siris.
673 4233 728 4289 Quo
748 4230 844 4281 nomine
867 4231 1007 4297 rdpeuemi·
1055 4232 1331 4300 discenderepruponet.

504 4302 538 4351 ni.
573 4302 684 4354 Etuude.
701 4306 733 4353 Et
746 4320 776 4355 es
789 4314 922 4371 quagsnte
937 4306 1004 4356 veni·
1086 4308 1130 4355 20.
1151 4306 1251 4370 Miuut]
1273 4307 1376 4357 Minoris
1391 4306 1463 4356 rendi
1480 4322 1553 4371 qun

504 4376 559 4425 stis.
1054 4381 1215 4446 superioribus
1225 4382 1304 4432 annis

539 4451 578 4498 12.
595 4452 694 4501 Nomina
707 4420 830 4517 prelium]
845 4456 1005 4520 Quocunque
1087 4457 1130 4503 21.
1149 4455 1180 4504 lu
1198 4456 1268 4505 Μία
1286 4455 1392 4519 templa-1
1421 4455 1452 4503 In
1467 4452 1555 4502 AEden

502 4523 552 4573 slis
565 4525 670 4584 uomina,
682 4542 754 4594 quem
764 4538 851 4578 vestre.
875 4528 949 4577 «tun
964 4532 1003 4577 de-
1055 4528 1156 4579 Veueris
1164 4530 1295 4595 genitricis,
1302 4545 1377 4597 quum
1383 4527 1466 4580 Julius
1475 4527 1555 4578 &nr

502 4607 576 4660 cepta.
600 4599 1004 4669 Auremenimdccipimus,quum
1053 4603 1139 4654 erexit.
1179 4636 1188 4648 ·
