3609 5967
489 754 556 821 344
783 756 822 820 Ρ.
846 753 1009 820 ΟἮΒΙΙ
1033 754 1245 822 NASONIS

493 927 558 1002 Sic
575 927 671 1003 serat
688 952 732 1004 ae
750 927 887 1004 referat
904 928 1040 1003 tacitas
1058 953 1158 1003 nuuc
1175 930 1286 1006 litera
1300 956 1426 1019 voces,

543 1043 595 1118 Et
610 1037 794 1145 peragant
809 1042 947 1141 linguae
965 1046 1095 1119 charta
1111 1070 1322 1146 manusque
1338 1049 1462 1123 vices:
1488 1054 1538 1122 30

493 1159 606 1250 Quod
619 1161 698 1236 lore
714 1185 763 1235 ne
779 1162 937 1236 nimium
954 1162 1082 1236 videar
1099 1162 1280 1249 diffidere,
1299 1164 1425 1262 sitque

542 1276 725 1351 Versibus
742 1276 804 1350 hic
823 1276 955 1374 paucis
974 1278 1215 1354 admonuisse
1233 1280 1347 1368 satis3

493 1393 648 1492 Accipe,
667 1417 744 1491 quo
762 1417 913 1493 semper
929 1394 1059 1468 finitur
1075 1393 1238 1493 epistola
1255 1398 1380 1484 verbo,

542 1509 654 1608 Aque
672 1511 766 1586 meis
780 1510 925 1585 distent
943 1521 984 1585 ut
1001 1523 1067 1586 tua
1083 1511 1171 1598 lata,
1190 1513 1285 1586 vala.

828 2087 1057 2162 ELEGIA
1094 2087 1202 2162 XIV.

493 2307 678 2391 Quadra
697 2305 767 2380 tibi
784 2305 958 2380 dederint
975 2307 1092 2380 nostri
1110 2318 1354 2382 monumenta
1370 2307 1501 2394 libelli,

544 2422 578 2497 0
597 2421 689 2497 mihi
708 2447 769 2499 me
786 2425 928 2522 conjux
946 2424 1076 2511 carior,
1096 2424 1181 2523 ipsa
1196 2424 1314 2498 vides.

495 2539 682 2614 Detrahat
698 2540 842 2615 auctori
859 2540 1021 2613 multum
1034 2538 1186 2614 fortuna
1201 2540 1351 2629 licebit;

542 2653 600 2727 Tu
618 2666 745 2732 tamen
762 2654 914 2752 ingenio
931 2656 1034 2728 clara
1049 2655 1168 2753 ferere
1185 2678 1293 2730 meo:

494 2770 673 2869 Dumque
686 2771 803 2869 legar,
817 2794 967 2845 mecum
980 2770 1119 2868 pariter
1132 2782 1199 2846 tua
1211 2772 1310 2847 fama
1322 2773 1492 2868 legatum
1513 2776 1536 2845 5

543 2885 581 2958 N
582 2910 627 2961 ec
644 2897 754 2984 potes
772 2888 811 2960 in
828 2899 983 2961 moestos
1001 2888 1122 2961 omnis
1141 2889 1245 2962 abire
1262 2912 1385 2985 rogos.

492 2999 695 3100 Quumque
712 3002 780 3075 viri
798 3027 888 3077 casu
908 3004 1030 3102 possis
1049 3003 1263 3077 miseranda
1278 3003 1408 3090 videri,

543 3101 717 3192 Invenies
736 3119 894 3217 aliquae,
914 3143 1012 3216 quae,
1032 3120 1134 3216 quod
1152 3143 1207 3205 eS,
1223 3143 1308 3193 essa
1325 3119 1461 3207 velint;

493 3231 588 3320 Quae
606 3244 656 3322 ta,
672 3245 885 3309 nostrorum
904 3259 1023 3333 quum
1041 3235 1093 3307 sis
1111 3235 1149 3307 in
1167 3247 1273 3334 parte
1292 3237 1485 3321 malorum,

543 3347 707 3423 Felicem
725 3350 866 3436 dicant,
886 3349 1154 3449 invideantque
1172 3350 1253 3424 tibi.
1493 3355 1538 3424 10

492 3651 542 3692 vet.
553 3658 608 3693 eum
616 3642 670 3694 aliis
680 3647 785 3694 muni.
807 3645 918 3696 Deficere
928 3647 992 3696 enirn
1074 3649 1099 3696 2.
1110 3648 1338 3712 omiseramus]
1352 3648 1468 3713 Exprimit
1474 3646 1538 3698 tuuc

491 3731 548 3766 cum
562 3725 647 3782 quarto
661 3734 718 3768 casu
735 3720 903 3769 construebant
917 3720 991 3786 serila
1042 3736 1154 3779 amorem,
1164 3720 1250 3770 uuiti.
1261 3721 1484 3786 Eleg.iii.vet.15:

492 3797 555 3838 tores
570 3791 652 3857 optimi
666 3791 731 3842 illius
742 3793 832 3843 seculi.
843 3793 898 3843 Cic.
910 3795 943 3843 iv.
953 3810 991 3860 ep.
1075 3795 1158 3844 Ouinia
1175 3812 1246 3858 quum
1259 3798 1363 3853 arma,
1378 3798 1450 3844 uineis
1464 3806 1539 3844 m

492 3864 517 3911 6.
537 3863 626 3912 Solatia
642 3883 676 3914 ms
692 3867 812 3931 dqliciuut.
846 3867 920 3917 Plura
938 3867 991 3917 ride
1105 3873 1180 3919 omnia
1190 3873 1282 3932 crqy'rrs.

467 3969 470 3977 -
492 3935 557 4002 apud
574 3936 699 3988 Heinsiurn
717 3940 749 3989 ad
766 3940 838 3990 Ovid.
854 3941 957 3990 Metam.
975 3942 991 3992 i.
1074 3943 1097 3990 4.
1110 3943 1228 3992 Tutum
1238 3943 1351 4010 trigenta]
1364 3943 1537 3993 Vernuexin·

491 4010 574 4058 Amor.
585 4010 635 4060 viii,
644 4013 685 4062 93.
695 4013 822 4063 Halmium
833 4023 858 4063 et
868 4014 991 4065 Drakenb.
1041 4015 1111 4079 genio
1122 4033 1174 4066 meo
1184 4015 1282 4082 profecti
1291 4026 1315 4066 te
1324 4018 1483 4066 illustrabunt.

492 4083 523 4133 nd
533 4083 576 4134 Sil.
587 4085 644 4135 Itnl.
655 4086 771 4137 viuum.
804 4089 918 4138 liranus.
1073 4091 1097 4137 6.
1110 4090 1158 4140 Nae
1172 4101 1234 4154 puter
1250 4095 1276 4139 iu
1292 4101 1376 4141 mustos
1391 4096 1462 4141 annu
1476 4094 1541 4142 ubire

525 4159 565 4207 30.
582 4159 721 4226 Peregrina]
744 4163 836 4211 Munus
857 4161 944 4225 lingue
964 4178 991 4211 ο-
1040 4165 1125 4228 rogas]
1144 4166 1200 4216 Nou
1217 4174 1295 4231 potest
1312 4167 1375 4215 lama
1389 4175 1431 4215 tus
1445 4168 1540 4232 penitus

491 4231 572 4291 beant,
584 4234 940 4301 quodepistolasuletefficere.
1040 4237 1124 4295 deleri,
1131 4240 1332 4303 quemadmodum
1341 4256 1425 4306 corpus
1435 4241 1539 4290 absumi·

524 4307 565 4355 34.
575 4311 650 4372 Atqru
659 4313 713 4358 meir
722 4308 828 4372 distem]
848 4310 923 4372 Atque
933 4309 990 4358 seri·
1042 4319 1079 4359 tur
1090 4328 1155 4378 rogo.

490 4380 605 4439 bendum,
623 4392 651 4432 ut
666 4381 745 4432 Caroli
761 4383 870 4440 Struma,
884 4382 929 4431 viri
948 4399 990 4433 no·
1072 4387 1097 4435 9.
1110 4387 1243 4437 lt'orrrorum
1254 4389 1390 4453 malorum]
1401 4391 1465 4438 Mea
1474 4390 1539 4440 cala·

491 4454 600 4504 bilissimi
615 4466 641 4506 et
657 4455 830 4513 humanissimi,
841 4456 924 4506 codex.
952 4457 990 4506 Cl.
1040 4460 1138 4510 mitaris.
1170 4462 1201 4511 In
1210 4473 1284 4525 purte.
1301 4466 1381 4522 Quum
1392 4479 1485 4513 meeum
1496 4463 1540 4514 do-

493 4526 523 4576 ad
535 4527 616 4579 Amor.
625 4529 650 4580 ii.
658 4531 706 4582 xiv.
715 4546 764 4581 ver.
772 4532 819 4592 30,
829 4539 854 4581 et
865 4530 932 4580 alibi.
1040 4533 1115 4583 lenter
1124 4536 1185 4586 feras
1197 4536 1306 4586 exsilium
1318 4554 1405 4587 meum.
