3609 5967
453 770 520 842 sm
711 779 713 785 ’
750 774 789 840 1².
817 768 982 840 ovrnn
1005 770 1219 842 nasonis
1298 738 1308 747 ”

453 948 524 1025 Ille
541 970 611 1024 nec
630 947 819 1035 exsilium,
840 946 1014 1046 Scythici
1032 968 1102 1024 nec
1120 948 1231 1024 litora
1247 951 1367 1050 ponti,
1455 956 1504 1028 45

505 1064 575 1139 Ille
593 1088 663 1139 nec
681 1064 796 1138 iratos
815 1064 932 1138 sentit
948 1063 1090 1140 habere
1109 1065 1226 1140 Deos.
1279 1084 1286 1107 ³

455 1180 586 1279 thue
604 1180 818 1279 soporiferae
837 1182 1006 1255 biberem
1024 1181 1056 1254 si
1075 1182 1213 1281 pocula
1231 1178 1383 1269 Lethes,

505 1295 704 1395 Temporis
722 1292 870 1370 adversi
888 1296 943 1369 sic
964 1296 1056 1368 mihi
1074 1318 1209 1372 sensus
1225 1298 1354 1371 hebet.

453 1411 478 1485 J
481 1436 547 1487 ure
565 1411 669 1488 Deas
687 1412 800 1508 igitur
817 1434 975 1486 veneror
992 1414 1092 1488 mala
1108 1423 1238 1487 nostra
1255 1414 1438 1500 levantes,

505 1528 687 1604 Sollicitae
704 1529 864 1603 comites
882 1554 932 1604 ex
947 1527 1132 1604 Helieone
1150 1528 1275 1625 sugoe3
1457 1532 1506 1604 50

455 1644 507 1718 Et
523 1644 660 1744 partim
678 1646 825 1744 pelago,
845 1646 983 1744 partim
1000 1646 1162 1744 vestigia
1177 1656 1288 1733 terra,

503 1762 573 1837 Vel
593 1772 674 1837 rate
691 1762 878 1859 dignatas,
897 1765 957 1838 vel
975 1765 1086 1863 pede,
1106 1773 1237 1838 nostra
1253 1762 1375 1861 sequi.

455 1877 541 1952 Sint
556 1900 690 1977 precor
706 1879 766 1951 hoe
784 1879 921 1954 saltem
934 1879 1064 1955 faciles
1079 1879 1192 1955 mihi:
1222 1901 1387 1975 namque
1403 1877 1504 1953 Deo·

506 1992 658 2068 Caetera
674 2016 761 2067 cum
779 2010 917 2093 magno
937 1994 1090 2071 Caesare
1108 1996 1221 2069 turba
1233 1993 1343 2070 facit:
1407 1992 1506 2091 [mm

455 2107 600 2207 Meque
614 2117 671 2182 tot
685 2110 853 2186 adversis
863 2111 1076 2199 cumulant,
1085 2120 1180 2208 quot
1191 2110 1281 2185 litus
1292 2133 1439 2196 arenas,
1458 2114 1507 2185 55

386 2291 389 2295 ,
506 2223 686 2321 Quotque
704 2223 843 2300 fretum
859 2226 998 2325 pisces,
1019 2248 1164 2323 ovaque
1181 2225 1298 2324 piscis
1316 2225 1446 2301 habet.

454 2340 554 2416 Vere
571 2340 676 2439 prius
694 2341 819 2429 flores,
838 2352 935 2417 aestu
953 2343 1171 2417 numerabis
1188 2342 1337 2430 aristas,

462 2552 464 2557 ,
503 2456 625 2531 Poma
642 2481 709 2556 per
725 2469 961 2547 autumnum,
980 2458 1259 2558 frigoribusque
1277 2457 1407 2547 nives3

457 2572 581 2658 Quam
599 2574 710 2659 mala,
731 2598 817 2673 quaa
835 2585 916 2650 toto
934 2576 1057 2676 patior
1068 2579 1235 2675 jactatus
1253 2575 1292 2648 in
1309 2576 1413 2662 orbe,

505 2688 608 2762 Dum
625 2690 739 2763 miser
756 2688 898 2764 Euxini
916 2691 1138 2767 litoralaevn
1149 2702 1254 2791 peto.
1456 2692 1506 2766 60

455 2803 538 2879 Nec
557 2804 697 2893 tumen,
712 2815 756 2880 ut
771 2805 870 2894 veni,
889 2807 1006 2881 levior
1022 2806 1173 2882 fortuna
1189 2806 1373 2880 malorum
1391 2816 1472 2881 est:

506 2918 592 2995 Huc
610 2945 763 3019 qnoque
779 2932 869 2996 sunt
886 2931 1034 2997 nostras
1052 2922 1130 2997 fata
1146 2932 1281 2997 secuta
1296 2920 1400 2997 vias:

456 3035 530 3110 Hic
548 3060 715 3135 qnoque,
732 3060 922 3133 cognosco
940 3037 1077 3113 natalis
1095 3038 1257 3113 stamina
1274 3036 1406 3126 nostri,

507 3150 680 3227 Stamina
696 3152 745 3227 de
763 3154 870 3251 nigro
887 3155 1026 3230 vellere
1043 3154 1145 3229 facta
1161 3154 1266 3228 mihi.

455 3269 585 3367 thue
599 3293 669 3344 nec
684 3269 852 3359 insidias,
864 3272 1079 3372 capitisque
1094 3271 1263 3371 pericula
1276 3293 1438 3358 narrem,
1456 3270 1505 3346 65

503 3380 605 3458 Vera
622 3386 790 3484 quidem,
809 3410 898 3463 vera
915 3388 984 3463 sed
1001 3390 1172 3488 graviora
1186 3388 1286 3477 fide;

338 3682 343 3711 r
452 3652 615 3714 cumvolutas3
631 3657 761 3715 pampineas
787 3655 863 3704 naas
882 3665 954 3707 vocet
1037 3655 1509 3723 spumantemamnem·

453 3726 539 3793 Vugil.
550 3725 595 3792 ipsi
602 3727 726 3793 thyrsigeri
736 3725 803 3777 dicti.
836 3728 916 3779 Ponr.
1068 3733 1116 3781 ride
1128 3730 1232 3790 Pontum

485 3803 526 3849 44.
542 3801 620 3849 Altior
630 3802 729 3850 numm
738 3805 833 3864 spirituo
843 3804 885 3852 tue
894 3805 955 3853 aab
1004 3820 1058 3869 qun
1069 3812 1094 3853 et
1104 3802 1203 3854 ibivem
1212 3800 1296 3852 lectio:
1314 3802 1433 3850 maiorum
1447 3794 1510 3849 Pon·

453 3874 506 3939 est]
525 3873 554 3923 Iu
566 3874 705 3932 uidam,
717 3876 757 3924 ute
768 3877 865 3926 locoert.
889 3876 955 3927 Vnde
1005 3887 1055 3927 tum
1074 3876 1133 3926 mni
1152 3892 1199 3925 non
1217 3890 1265 3926 uno
1282 3874 1336 3923 loco
1352 3872 1469 3939 adpellst,
1485 3880 1512 3922 et

452 3947 543 3997 mhue
553 3946 698 3997 iaciatillud
708 3949 821 4008 Petronii,
832 3966 854 4001 c.
865 3967 909 4000 xc:
1004 3951 1093 4017 passim
1104 3951 1135 4001 ud
1147 3950 1172 3999 id
1183 3946 1375 4000 nomcnulludit.
1408 3947 1500 3997 Hune.

485 4018 572 4083 Sepias
578 4025 663 4086 portia
677 4041 744 4087 quom
758 4025 856 4074 humans
866 4025 956 4074 mtto
1037 4026 1077 4075 61.
1098 4026 1131 4075 Ut
1147 4025 1220 4089 oeni]
1240 4024 1401 4089 Posteaquam
1415 4022 1441 4071 in
1450 4020 1510 4086 Sey·

517 4112 547 4144 σε·
832 4099 922 4148 Bona.
1005 4096 1080 4149 thiam
1107 4097 1214 4165 perveni.
1249 4096 1298 4148 Nec
1325 4107 1402 4146 tenen
1430 4096 1510 4145 butor.

484 4170 526 4221 60.
544 4168 609 4219 Dum
625 4172 692 4220 mirer
709 4172 797 4222 Euxini
813 4175 882 4223 iiim
897 4190 955 4227 uua
1005 4173 1058 4221 Nec
1070 4180 1150 4222 tamen
1160 4168 1425 4238 inpresentiaminori,
1435 4184 1508 4234 qum

451 4244 523 4309 pem]
546 4243 615 4293 lum
632 4244 694 4294 bene
715 4246 891 4307 Medoniunm
908 4246 954 4297 uiri
1005 4244 1227 4304 antea,meedficit
1241 4261 1329 4312 poena:
1348 4242 1508 4310 quuidicet:

469 4318 517 4368 uod
527 4317 762 4368 litorolaeourectius
771 4318 954 4369 smibctnreum
1004 4318 1151 4369 audiueram
1179 4334 1217 4369 me
1243 4327 1338 4368 tantum
1369 4316 1512 4372 doliturum,

452 4336 608 4453 {ualidianm
623 4390 720 4441 Tristi.
732 4390 799 4458 Eleg.
809 4390 838 4442 ii.
849 4390 897 4442 83:
1004 4392 1069 4458 quod
1085 4392 1162 4460 patria
1178 4406 1299 4443 omrem:
1316 4390 1359 4441 ned
1377 4390 1427 4440 alia
1436 4388 1509 4440 etim

486 4464 580 4532 obligor
595 4474 733 4533 streugam
750 4466 800 4516 iaeor'
810 4466 870 4533 scre
886 4468 955 4516 litora
1003 4467 1069 4516 nala
1084 4483 1131 4516 nou
1148 4466 1246 4524 leviore,
1263 4483 1318 4532 qun
1336 4464 1419 4516 surim
1438 4472 1511 4532 poeta

519 4532 604 4588 Ponti·
1002 4540 1134 4608 subjungit,
1146 4556 1185 4590 mc
1197 4548 1298 4606 augunt.

1036 4636 1042 4661 Ι

452 4576 787 4664 concinnentium:
