3609 5967
528 766 669 833 Anrrs
691 767 960 835 sunronnn
984 770 1075 837 mu.
1103 720 1152 839 rr.
1299 778 1343 843 13

300 939 336 1014 N
339 966 382 1015 eo
399 941 467 1015 tibi
484 950 593 1039 turpe
610 954 702 1042 puta
718 944 908 1040 (quumvis
928 944 996 1017 tibi
1016 955 1138 1045 turpe,
1157 950 1339 1047 placebit)

349 1055 518 1153 Ingenua
537 1058 732 1156 speculum
750 1060 972 1134 sustinuisse
989 1086 1114 1135 manu.
1266 1070 1339 1140 216

300 1171 380 1260 Ille,
400 1172 564 1269 latigatae
583 1173 775 1271 perdendo
792 1184 960 1250 monstra
976 1200 1158 1266 novereae,

348 1286 424 1371 Qui
440 1288 577 1362 meruit
591 1289 740 1374 eoelum,
760 1290 862 1386 quod
881 1290 981 1389 prior
997 1293 1081 1391 ipse
1094 1296 1192 1381 tulit,

300 1402 403 1477 Inter
420 1402 592 1479 Ibniaeas
610 1405 799 1480 calathum
816 1407 982 1481 tenuisse
999 1410 1144 1507 puellas

349 1519 537 1606 Creditur,
557 1529 596 1593 et
610 1519 717 1593 lanas
735 1520 947 1595 excoluisse
964 1523 1089 1597 rudes.
1266 1531 1341 1603 220

300 1636 432 1710 Paruit
449 1637 604 1736 imperio
622 1637 782 1711 dominre
800 1635 1020 1736 Tirynthius
1036 1640 1160 1715 heros,

282 1850 284 1855 Ι
349 1752 367 1824 l
387 1778 509 1841 nunc;
539 1764 578 1827 et
593 1754 725 1828 dubita
741 1754 848 1841 serre,
868 1755 971 1851 quod
989 1754 1051 1829 ille
1069 1757 1175 1833 tulit:

298 1866 432 1943 Jussus
452 1869 585 1947 adesse
602 1868 694 1955 foro,
710 1869 817 1967 jussh
836 1869 1018 1942 maturius
1035 1870 1129 1945 hort

350 1984 426 2059 Fae
444 2010 591 2085 semper
608 1986 756 2073 venias;
786 2009 856 2060 nec
876 1986 948 2059 nisi
966 2011 1072 2060 serus
1090 1988 1163 2062 abi.

302 2098 488 2175 Occurras
507 2101 633 2199 aliquo
650 2102 719 2176 tibi
736 2102 876 2175 dixerit
886 2129 895 2190 ;
926 2102 1053 2177 omnia
1068 2103 1197 2193 differ3
1266 2114 1340 2184 225

351 2218 489 2307 Curre;
517 2240 588 2292 nec
607 2220 799 2318 inceptum
817 2219 928 2293 turba
944 2228 1109 2293 moretur
1124 2221 1206 2295 iter.

301 2332 422 2408 Nocte
440 2335 592 2409 domum
610 2345 785 2433 repetens
803 2335 926 2434 epulis
943 2334 1141 2435 perfuncta
1156 2339 1313 2417 redibit:

346 2447 452 2525 Tunc
469 2476 621 2549 quoque
638 2476 707 2551 pro
724 2477 843 2539 servo,
863 2452 895 2525 si
912 2462 1022 2527 vocat
1038 2451 1114 2539 illa,
1132 2456 1228 2529 veni.

301 2564 404 2639 Rure
421 2567 507 2653 eris,
526 2578 565 2641 et
581 2568 695 2655 dicet,
711 2568 863 2655 Venias,
882 2568 1018 2665 (Amor
1034 2569 1115 2642 odit
1131 2570 1287 2665 inertes)

352 2680 394 2753 Si
412 2690 494 2754 rota
511 2681 682 2767 defuerit,
703 2695 743 2755 tu
760 2684 858 2782 pede
876 2707 989 2781 carpe
1007 2683 1117 2758 viam.
1266 2692 1341 2762 230

302 2793 338 2866 N
341 2818 384 2869 ee
403 2818 515 2891 grave
531 2805 570 2869 te
589 2806 739 2895 tempus
759 2798 937 2871 sitiensve
957 2797 1142 2873 Canicula
1157 2802 1291 2890 tardet,

352 2908 435 2985 Nee
453 2910 512 2983 via
528 2934 597 3009 per
608 2912 732 3008 jactos
750 2911 913 2985 eandida
928 2911 1029 2985 lacta
1041 2912 1158 2988 nives.

302 3024 448 3098 Militiae
467 3026 614 3124 species
633 3048 736 3099 amor
754 3036 833 3101 est:
861 3026 1046 3101 discedite
1063 3052 1212 3125 segnes.

352 3138 439 3214 Non
456 3150 545 3214 sunt
561 3141 643 3215 haec
661 3141 803 3214 timidis
820 3140 930 3237 signa
945 3142 1087 3216 tuenda
1103 3144 1201 3218 viris.

302 3255 403 3343 Nox,
419 3265 459 3331 et
471 3256 603 3343 hiems,
618 3257 816 3355 longaeque
830 3256 912 3343 viae,
925 3256 1090 3355 saevique
1103 3259 1249 3336 dolores
1267 3268 1340 3337 235

351 3370 530 3445 Mollibus
548 3371 606 3445 his
624 3372 769 3458 cestris,
789 3382 829 3446 et
845 3371 950 3447 labor
966 3372 1086 3447 omnis
1105 3374 1214 3450 inest.

303 3486 413 3586 Saepe
430 3486 528 3561 feres
545 3487 702 3562 imbrem
720 3487 864 3561 coelesti
882 3488 983 3561 nube
1003 3488 1187 3581 solutum3

353 3603 537 3701 Frigidus,
558 3614 596 3677 et
613 3604 715 3677 nudet
734 3628 837 3704 saepe
849 3604 996 3702 jacebis
1014 3605 1140 3679 humo.

303 3716 491 3818 Cynthius
508 3718 660 3793 Admeti
677 3743 811 3793 vaccas
829 3720 977 3818 pavisse
995 3719 1171 3795 Pheraeos

352 3832 497 3921 Fertur,
517 3844 555 3909 et
572 3836 610 3907 in
627 3835 742 3934 parvd
758 3835 953 3910 delituisse
970 3837 1073 3909 oasd.
1268 3845 1342 3914 240
1399 3866 1403 3874 ’

319 4090 322 4101 ,
334 4049 391 4097 220.
409 4048 457 4097 Pro
466 4049 548 4113 unm]
568 4048 695 4109 Nimirum,
706 4051 748 4117 qui
763 4052 798 4101 fa·
847 4058 995 4117 pentmetro
1004 4049 1054 4115 ugit
1064 4049 1171 4115 intellige
1186 4065 1242 4116 ergo
1252 4059 1345 4119 tenpus

303 4137 356 4171 eum
364 4122 488 4180 sustineat,
499 4139 570 4189 quem
580 4127 739 4175 aduttum
746 4124 797 4175 dix·
848 4138 876 4173 ex
886 4132 969 4174 estate
976 4122 1002 4173 in
1009 4131 1149 4175 autumnum
1157 4141 1269 4193 preceps,
1279 4127 1343 4192 quod

303 4196 348 4245 ine
367 4204 460 4247 vetere·
481 4196 552 4247 docet
571 4198 679 4249 Donatus
693 4198 725 4247 ut
744 4200 799 4251 Ter.
848 4196 925 4247 ventis
941 4205 967 4247 et
979 4196 1067 4263 pluvii·
1081 4199 1197 4257 crebrum,
1211 4202 1343 4255 etmorbo-

303 4268 406 4335 Adelph.
416 4270 461 4321 ti.
472 4280 538 4321 vocat
547 4270 620 4321 etium
630 4279 694 4323 recte
708 4272 799 4323 nsunt
848 4270 1048 4321 mmsocundum.
1081 4272 1170 4320 Bura.

304 4342 388 4393 Deua
396 4345 516 4411 proprium
531 4360 583 4395 este
599 4346 705 4405 verbum,
716 4355 744 4396 ut
753 4348 798 4413 up,
880 4345 940 4393 230.
966 4344 1060 4393 Mittite
1083 4344 1184 4408 specim]
1210 4344 1274 4394 Vide
1297 4344 1346 4393 ele·

304 4432 347 4465 xx·
366 4416 461 4481 Ignoras
479 4429 521 4468 tua
531 4422 602 4482 jura,
620 4436 682 4470 vom.
697 4418 747 4470 rid.
767 4420 799 4469 ed
848 4415 913 4482 giem
929 4417 972 4466 lib.
988 4417 1005 4467 i.
1022 4416 1057 4467 ix.
1076 4418 1161 4467 Amor.
1179 4434 1233 4483 qun
1253 4416 1345 4482 incipit,

304 4487 463 4553 Epist-iiim.
477 4493 531 4543 100.
563 4494 653 4543 Burin.
850 4490 941 4541 Militat
951 4494 1118 4541 maumas.
1153 4490 1224 4540 Cror.

337 4564 397 4612 231.
414 4564 462 4614 Noc
470 4583 541 4631 graue
552 4576 574 4617 t·
586 4568 693 4633 tm]
712 4568 800 4637 Frigus
881 4566 941 4615 2³9.
964 4564 1055 4615 Pavim
1069 4581 1110 4627 per
1127 4563 1218 4627 utne]
1242 4564 1273 4612 In
1291 4564 1344 4629 qui·

303 4636 409 4702 explieat
423 4638 533 4689 Merula:
554 4640 629 4706 Atqui
643 4639 674 4691 de
686 4639 764 4693 hieme
774 4642 800 4691 in
849 4639 960 4698 busdam,
967 4654 1010 4703 per
1024 4639 1111 4696 teu»,
1121 4637 1147 4686 in
1158 4635 1220 4697 eliis,
1232 4638 1344 4687 rtem.-
