3609 5967
440 801 511 866 EX
535 798 698 865 PON'PO
721 798 814 881 ΠΒ.
838 798 909 864 111.
934 800 1080 869 EPIST.
1104 802 1154 868 II.
1256 804 1321 869 tol

271 974 378 1050 Tunc
396 975 512 1072 igitur
528 972 650 1048 meriti
667 972 849 1047 morietur
866 973 987 1069 gratia
1003 976 1130 1063 vestri,

323 1093 450 1178 Quum
467 1092 564 1168 cinis
581 1092 756 1166 absumto
774 1113 932 1188 corpore
950 1090 1073 1165 factus
1091 1116 1168 1167 ero,

272 1209 406 1296 Pallor,
426 1220 466 1283 et
482 1210 548 1284 illa
565 1234 659 1283 meae
677 1207 873 1305 superabit
890 1218 1062 1305 tempora
1078 1209 1185 1296 vitae3
1282 1262 1284 1265 -

320 1325 362 1398 Si
380 1336 509 1401 tamen
526 1351 551 1399 a
566 1325 723 1399 memori
737 1304 958 1424 posteritate
974 1326 1090 1423 legar.
1270 1330 1321 1398 30

269 1440 439 1539 Corpora
455 1443 643 1516 debentur
656 1442 802 1516 moestis
817 1444 1029 1539 exsanguia
1046 1441 1188 1517 bustis:

319 1556 517 1654 Effugiant
534 1567 699 1631 structos
717 1581 856 1632 nomen
869 1559 1063 1655 honorque
1081 1582 1205 1653 rogos.

269 1671 424 1748 Occidit
441 1686 481 1748 ct
493 1674 679 1762 Theseus,
698 1685 739 1749 et
756 1674 823 1771 qui
837 1674 1034 1749 comitavit
1053 1674 1239 1749 Oresten:

318 1778 396 1863 Sed
413 1800 541 1864 tamen
559 1790 599 1862 in
615 1791 748 1863 laudes
765 1789 855 1863 vivit
872 1801 1034 1887 uterque
1053 1816 1154 1865 suas.

267 1902 346 1978 Vos
363 1906 477 1979 etiarn
496 1906 571 1979 seri
588 1906 797 1981 laudabunt
814 1930 918 2005 saepe
935 1918 1105 2005 nepotes,
1165 1974 1168 1981 .
1215 1940 1216 1945 ¹
1267 1910 1317 1983 35

317 2021 598 2131 Claraque'erit
613 2023 763 2122 scriptis
782 2023 902 2119 gloria
914 2034 1040 2097 vestra
1056 2023 1163 2097 meis.

266 2134 339 2210 Hic
358 2162 512 2236 quoque
527 2138 761 2213 Sauromata
775 2141 854 2237 Jam
867 2164 934 2214 vos
952 2164 1101 2226 novere,
1115 2126 1314 2237 Getaeque,

316 2252 367 2326 Et
384 2255 480 2328 tales
498 2256 643 2329 animos
660 2257 821 2330 barbara
838 2257 950 2329 turba
967 2259 1115 2354 probat.
1139 2270 1150 2289 '

265 2366 470 2468 Quumque
488 2396 560 2469 ego
577 2372 626 2447 de
643 2383 771 2446 vestra
786 2396 908 2469 nuper
921 2372 1109 2471 probitate
1125 2372 1313 2459 referrem,

315 2486 416 2560 Nam
434 2487 550 2561 didici
569 2487 706 2563 Getice
726 2489 1013 2586 Sarmaticeque
1032 2488 1149 2586 loqui,
1264 2493 1314 2561 to

264 2600 376 2677 Forte
394 2627 512 2678 senex
531 2605 699 2702 quidam,
718 2617 819 2680 coetu
837 2629 957 2703 quum
976 2616 1093 2689 staret
1109 2604 1148 2678 in
1166 2606 1242 2694 illo,

315 2718 500 2795 Reddidit
516 2724 565 2795 ad
583 2734 730 2797 nostros
748 2723 842 2797 talia
856 2723 972 2797 verba
989 2746 1122 2795 sonos:

263 2834 344 2908 Nos
354 2860 509 2935 quoque
520 2838 696 2912 amicitiae
707 2863 843 2912 nomen
858 2840 957 2912 bene
968 2837 1151 2923 novimus,
1160 2837 1312 2936 hospes,

313 2950 419 3037 Quos
436 2954 569 3050 procul
586 2979 609 3028 a
624 2954 731 3027 vobis
749 2953 907 3049 frigidus
927 2952 1027 3026 Ister
1043 2952 1172 3026 habet.

262 3066 333 3140 Est
348 3069 455 3141 locus
473 3069 512 3142 in
531 3069 704 3167 Scythia,
723 3068 867 3143 Tauros
885 3068 1017 3141 dixere
1036 3067 1191 3164 priores,
1261 3072 1311 3141 45

311 3182 386 3269 Qui
401 3183 539 3259 Getica
554 3186 666 3282 longe
683 3210 759 3259 non
775 3186 829 3259 ita
845 3185 964 3260 distat
980 3185 1107 3258 humo.

255 3400 259 3405 ·
291 3388 332 3435 27.
354 3388 469 3435 Morietur
484 3389 564 3453 gratio
576 3390 646 3436 vestri
659 3387 758 3452 mi]
843 3389 885 3436 38.
894 3387 961 3435 Tales
970 3382 1312 3447 remansissemus

259 3459 372 3509 Similiter
383 3460 451 3526 Virg.
463 3460 703 3511 montiacum:
811 3468 1012 3510 etmmtantes..
1170 3500 1172 3505 .
1293 3508 1297 3517 ι

461 3533 686 3599 mommseretur
843 3535 884 3583 41.
903 3534 933 3582 ln
955 3535 996 3583 illo
1015 3532 1095 3595 cetu]
1115 3532 1145 3581 lu
1161 3548 1191 3581 ea
1207 3532 1309 3583 virorum
1395 3554 1399 3561 ·

295 3608 367 3656 Peme
376 3610 439 3666 leole,
450 3612 555 3673 tootioru
564 3610 673 3658 alolacet
680 3612 760 3674 gratio
809 3616 906 3666 corone,
919 3606 961 3657 ubi
976 3606 1087 3657 amicitia
1098 3614 1182 3657 vestra
1199 3616 1310 3657 coneum

316 3684 393 3747 flecti.
810 3681 869 3731 tiam
879 3682 1049 3748 praedicabam.
1075 3683 1147 3731 Man.

291 3758 332 3805 ³0.
348 3757 447 3823 logon]
468 3759 589 3822 legentur
606 3764 760 3806 monumenta
842 3757 883 3804 42.
904 3756 1016 3807 Reddidit
1043 3758 1075 3805 od
1097 3754 1179 3817 urimo]
1207 3754 1328 3827 Excepit·
1403 3790 1407 3799 .
1506 3780 1512 3795 ι

257 3841 283 3880 et
296 3829 404 3880 carmina
416 3840 570 3888 meorum
585 3829 612 3879 in
625 3830 760 3879 memerito
809 3826 1156 3878 verbamearalinerratione.
1182 3828 1307 3885 l'chlau-

258 3913 399 3954 tautum
434 3945 438 3952 .
804 3903 848 3953 deo
867 3918 883 3951 a
902 3902 1027 3952 merobis
1049 3900 1159 3957 tributus,
1176 3909 1203 3949 ut
1223 3902 1307 3951 amicis

291 3981 332 4027 33.
352 3980 384 4027 Et
399 3982 440 4042 out
454 3982 571 4027 comitavit
590 3978 704 4042 orma]
723 3978 756 4026 Et
804 3975 909 4042 optimis,
927 3975 1036 4039 jucunde
1056 3974 1156 4023 duomm
1177 3973 1306 4025 amicorum

151 4043 155 4052 ,
258 4053 383 4120 Pyladem,
400 4052 442 4118 qui
458 4052 568 4101 Orestem
585 4052 612 4100 in
628 4051 755 4101 Tauricam
805 4049 1068 4099 historieconlirmerit.
1094 4050 1175 4099 Pour.

256 4126 376 4192 regionem
387 4133 525 4192 prosecutus
534 4133 580 4175 est.
838 4125 880 4172 ⁴³.
890 4123 995 4186 Hospes]
1011 4124 1033 4172 Ο
1046 4123 1169 4189 peregrine
1178 4122 1260 4172 Ovidi.

289 4202 329 4251 34.
351 4200 383 4250 le
402 4216 455 4249 otoo
474 4199 577 4263 laudm]
603 4199 634 4247 ln
655 4194 756 4263 gloriam
839 4197 933 4246 taso
950 4199 1049 4246 loomin
1063 4196 1179 4259 Scythia]
1198 4196 1306 4245 Haecest

176 4300 182 4313 ·
256 4284 329 4325 unta
348 4273 467 4331 amicitie,
487 4290 542 4339 qurc
559 4274 607 4322 luit
625 4271 688 4324 inter
707 4287 756 4321 eos.
806 4270 908 4321 amatio
921 4268 986 4319 senis
1001 4268 1134 4334 cujusdam,
1148 4283 1220 4333 quem
1233 4277 1305 4334 poete

256 4350 304 4398 Vel
321 4348 346 4397 in
361 4347 446 4397 leudes
461 4346 596 4413 utriusque,
607 4346 660 4396 scil.
669 4345 755 4395 Thesei
805 4343 899 4395 inducit
913 4343 1053 4395 reserantem
1065 4342 1194 4393 amicitiem
1205 4342 1305 4407 Pyladis

254 4432 280 4471 et
290 4422 398 4491 Pyladis.
729 4450 735 4459 ι
805 4416 1172 4483 etOreetit,quosiuTauricam
1182 4416 1304 4480 regionem

287 4496 328 4545 37.
339 4497 499 4559 δοιιτωηαιι.]
518 4496 603 4565 Populi
613 4494 752 4560 illiScytlri·
804 4493 897 4543 renim
924 4491 991 4547 dicit,
1012 4490 1054 4541 ubi
1080 4490 1195 4554 regnabat
1214 4490 1303 4541 Thoas.

177 4570 180 4578 '
254 4570 335 4635 etqui
345 4570 379 4618 ite
390 4585 405 4619 a
415 4570 514 4628 Grecis,
525 4570 585 4620 elios
592 4569 753 4618 Somoteod·
806 4567 893 4616 Tauro·
910 4570 987 4615 dicore
1003 4568 1097 4627 priores.
1118 4564 1222 4615 Taurica
1237 4564 1302 4629 regio

254 4646 381 4711 pellantur.
803 4642 914 4706 (auctore
931 4640 1023 4705 Plinio)
1037 4640 1062 4689 in
1078 4638 1177 4707 Scythia
1194 4647 1239 4698 eet,
1250 4648 1303 4689 ete

795 4736 804 4751 ³
864 4757 867 4761 .
901 4715 980 4765 Goa
