3609 5967
457 671 502 735 70
751 668 790 733 Ρ.
814 666 975 735 OVIDII
998 666 1210 735 NASONIS

461 839 499 915 N
500 864 545 915 ec
562 842 684 916 minus
702 842 741 915 in
757 843 860 915 vultu
877 842 1060 917 damnosa
1076 842 1253 941 soperbia
1269 850 1412 928 vestro:

512 956 693 1031 Comibus
711 967 770 1032 est
785 958 905 1031 oculis
920 958 1152 1032 adliciendas
1171 982 1286 1032 amor.
1423 966 1498 1036 510

463 1071 623 1147 Odimus
642 1073 861 1148 immodicos
878 1075 1063 1175 (expertae
1077 1074 1237 1170 credite)
1254 1076 1386 1151 fastus.

499 1182 626 1287 'saepe
643 1198 771 1263 tacens
789 1189 864 1263 odii
882 1191 1027 1265 semina
1041 1191 1166 1265 vultus
1182 1191 1308 1267 habet.

465 1304 709 1403 Spectantem
727 1316 876 1404 specta:
905 1306 1041 1380 ridenti
1058 1306 1187 1380 mollia
1202 1307 1295 1381 ride.

513 1420 667 1511 Innuet;
698 1432 873 1520 acceptas
890 1431 933 1495 tu
950 1445 1103 1520 quoque
1120 1423 1235 1497 redde
1253 1433 1373 1497 notas.

465 1534 528 1609 Sic
546 1537 610 1610 ubi
628 1538 795 1635 prolusit,
814 1538 970 1612 rudibus
987 1562 1080 1637 puer
1096 1538 1159 1613 ille
1176 1538 1316 1613 relictis
1425 1542 1500 1615 515

515 1650 670 1750 Spicula
684 1653 733 1727 de
749 1652 925 1751 pharetra
942 1653 1079 1753 promit
1096 1664 1208 1728 acuta
1224 1655 1308 1728 sua.

465 1764 624 1840 Odimus
642 1776 682 1841 et
697 1777 863 1841 moestas.
916 1766 1159 1843 Tecmessam
1176 1770 1308 1866 diligat
1324 1768 1443 1869 Ajax:

515 1880 552 1953 N
554 1906 609 1969 os,
628 1882 782 1957 hilarem
798 1884 993 1983 populum,
1010 1883 1150 1959 semina
1165 1885 1253 1959 laeta
1264 1886 1379 1985 capit.

466 1997 685 2098 Numquam
708 2024 779 2097 ego
796 2010 847 2088 te,
865 2000 1142 2090 Andromache,
1166 2025 1238 2076 nec
1253 2012 1304 2090 te,
1324 1998 1501 2076 Tecmes-

613 2138 668 2202 sa,
686 2139 868 2213 rogarem,

517 2228 572 2302 Ut
587 2254 672 2304 mea
688 2231 736 2305 de
752 2234 859 2307 vobis
876 2235 994 2309 altera
1009 2236 1131 2309 amica
1145 2233 1253 2310 soret.
1427 2238 1504 2307 520

467 2343 631 2421 Credere
647 2345 711 2421 vix
728 2347 868 2436 videor,
885 2374 973 2425 cum
990 2374 1103 2449 cogar
1119 2351 1272 2426 credere
1288 2361 1412 2449 partu,

515 2458 593 2535 Vos
611 2487 681 2561 ego
698 2487 784 2537 cum
801 2466 934 2539 vestris
950 2466 1198 2541 concubuisse
1214 2466 1314 2541 viris.

466 2575 621 2653 Scilicet
637 2576 745 2677 Ajaci
763 2581 896 2655 mulier
913 2582 1152 2657 moestissima
1168 2582 1277 2669 dixit,

515 2690 599 2767 Lux
616 2718 717 2784 mea3
746 2721 910 2797 quaeque
927 2699 1050 2773 solent
1066 2699 1181 2773 verba
1192 2700 1323 2796 juvare
1339 2695 1458 2786 viros;

465 2808 565 2895 Quid
582 2820 684 2886 vetat
700 2836 724 2887 a
740 2816 885 2913 magnis
903 2814 952 2890 ad
969 2840 1029 2891 res
1046 2814 1222 2913 exempla
1238 2814 1399 2888 minores
1427 2816 1503 2887 525

516 2924 686 3015 Sumere,
705 2951 774 3003 neo
791 2954 929 3006 nomen
945 2931 1183 3031 pertimuisse
1199 2929 1333 3004 ducis?

496 3242 553 3291 510.
570 3242 674 3291 mum
688 3250 721 3292 m
734 3244 827 3309 ecclia]
845 3243 960 3304 Quidam,
1008 3247 1131 3296 aem
1138 3254 1181 3294 at.
1203 3244 1278 3295 Uter!
1289 3244 1390 3310 Μυσία
1401 3238 1505 3293 (Mn

464 3317 575 3365 dulcidum
607 3316 702 3374 Mureti,
715 3316 791 3375 Junli,
808 3326 834 3367 ct
845 3318 892 3367 duo
908 3318 959 3378 dii,
1009 3322 1099 3369 Bonis·

465 3392 576 3448 mollitus,
586 3390 650 3456 quod
659 3391 740 3457 probo.
772 3392 811 3441 Ita
824 3395 959 3443 molliam
1041 3396 1098 3445 ool.
1119 3393 1179 3442 Gen
1202 3409 1271 3459 cogor
1296 3395 1388 3442 erden
1411 3391 1504 3455 mu]

466 3467 540 3513 loram
555 3465 686 3527 petulantia
708 3464 805 3515 Patron.
825 3467 912 3526 omia
936 3475 961 3516 et
1010 3464 1505 3533 leicsgorcralsrspm,primaaditio

465 3537 695 3606 μαλακὸνβλέμμα,
705 3538 897 3606 dampnatus
905 3540 961 3592 Act.
1010 3539 1188 3606 ctduoscripti.
1204 3538 1505 3605 lindimacum

465 3614 497 3663 iv.
517 3630 551 3663 rc.
569 3614 602 3664 iv.
620 3614 659 3663 57.
705 3614 781 3663 Paulo
799 3614 868 3665 aliter
886 3618 962 3665 molta
1011 3618 1189 3677 anamma
1221 3615 1298 3679 lage:
1471 3618 1474 3624 '

465 3690 539 3735 ocultis
548 3686 616 3743 dixit,
627 3686 729 3736 Remod.
740 3688 796 3737 ³40.
822 3689 963 3739 Itseoniter
1045 3688 1505 3751 erammudmmotwgarcrdm

466 3769 491 3808 et
500 3763 599 3810 molliter
608 3760 867 3818 mammonam
875 3764 892 3812 i.
905 3765 961 3814 710.
1071 3772 1153 3825 part·-

467 3835 562 3885 Deinde
575 3850 636 3884 unus
645 3834 747 3892 Heinsii,
757 3838 962 3889 eliciendum.
1010 3835 1067 3894 vel,
1079 3846 1162 3902 agant
1175 3846 1266 3899 partas.
1297 3835 1377 3883 Natus
1394 3834 1458 3884 enim
1474 3851 1504 3885 cz

466 3910 518 3959 llos
533 3918 611 3959 autem
623 3908 710 3959 rectius
721 3910 748 3958 fit
760 3913 863 3960 mollitus
876 3913 961 3970 oeulis,
1010 3910 1180 3960 Andromacbt
1205 3908 1303 3960 Hectori
1323 3908 1456 3974 noym,
1474 3925 1505 3958 ex

466 4000 537 4050 quam
547 3986 656 4043 ωνιίὸως
670 3983 961 4052 sedquiampsrtiapra·
1009 3984 1506 4050 Tmumdjadfflqumaqnoh·

465 4058 537 4117 cadit,
552 4066 577 4107 et
592 4060 668 4107 mollin
683 4061 759 4108 ridere
774 4059 890 4125 sequimr,
901 4060 961 4109 mlril
1009 4057 1132 4124 mnodo,
1148 4058 1279 4107 clarissima
1294 4056 1357 4122 apud
1371 4056 1505 4105 Athenion-

466 4148 594 4183 movemus.
626 4132 716 4181 Burni
1009 4132 1155 4182 monilis
1172 4132 1262 4182 Has..
1298 4130 1505 4191 Virmlin·

498 4210 555 4259 500.
574 4208 655 4255 Amico
669 4206 755 4273 foret]
786 4206 854 4255 Foro
874 4204 961 4255 rectius
1009 4205 1073 4256 coln.

465 4284 566 4349 legatur.
588 4282 677 4330 Harsa.
710 4282 791 4330 Altera
804 4280 961 4344 aaptnforct.
1041 4280 1099 4328 526.
1116 4278 1505 4343 &managamma

466 4359 573 4407 Barthol.
589 4355 718 4405 notandum
735 4369 791 4403 vero
807 4356 906 4402 alteram
920 4352 961 4403 hic
1009 4354 1083 4413 mpla
1099 4355 1195 4401 ninom
1208 4350 1321 4415 Sam]
1344 4351 1434 4399 Sensus
1451 4360 1504 4400 cst:

465 4431 521 4497 poni
531 4446 573 4497 pro
582 4432 729 4479 alterutram.
744 4426 779 4477 sic
793 4426 857 4493 apud
868 4425 960 4485 Quino-
1009 4422 1076 4482 Quid
1089 4425 1206 4490 prohibet,
1219 4440 1357 4490 magnarum
1372 4439 1450 4474 rarum
1463 4440 1505 4473 cx·

467 4504 503 4553 til.
515 4502 557 4553 lib.
568 4504 609 4554 vii.
618 4502 678 4553 lost.
691 4518 745 4568 cap.
756 4500 772 4551 i.
805 4502 872 4551 Alter
885 4502 962 4567 igitar
1010 4498 1307 4565 emphadrcsniulicmm
1317 4512 1505 4566 parsum·
