3609 5967
514 760 581 827 46⁰
807 755 1027 824 P.0v11)11
1052 754 1267 823 NASONIS

519 934 656 1009 Stabat
673 934 790 1007 Amor
807 933 927 1021 vultu,
945 956 1021 1007 non
1038 954 1116 1029 quo
1133 930 1238 1031 prius
1255 954 1342 1005 ease
1359 933 1520 1019 solebat,

569 1049 704 1125 Fulcra
721 1060 855 1127 tenens
872 1049 968 1125 laeva
984 1048 1103 1123 tristis
1121 1042 1259 1121 acerna
1275 1072 1410 1137 manu;

519 1164 555 1239 N
559 1189 603 1241 ec
616 1177 792 1263 torquem
805 1166 917 1251 collo,
930 1189 1001 1240 nec
1016 1164 1162 1237 habens
1179 1162 1321 1237 crinale
1334 1163 1497 1262 capillis,
1526 1166 1576 1235 15

571 1282 607 1357 N
609 1307 654 1357 ec
671 1284 769 1357 bene
787 1282 993 1381 dispositas
1010 1290 1173 1366 comtos,
1192 1292 1352 1367 utente,
1370 1305 1513 1355 comas.

521 1397 685 1474 Horrida
702 1400 926 1499 pendebant
942 1399 1075 1472 molles
1093 1419 1210 1494 super
1226 1421 1293 1470 ora
1309 1396 1458 1496 capilli;

571 1514 623 1588 Et
639 1516 720 1589 visa
736 1525 796 1589 est
813 1513 934 1589 oculis
950 1512 1103 1587 horrida
1120 1535 1248 1611 penna
1264 1513 1372 1587 meis.

521 1630 654 1717 Qualis
672 1632 711 1704 in
730 1631 840 1705 aeriae
858 1634 974 1726 tergo·
984 1631 1081 1703 solet
1097 1653 1183 1703 esse
1199 1629 1399 1717 columbae,

570 1747 817 1821 Tractentum
835 1749 965 1821 multoe
983 1770 1099 1845 quarn
1116 1744 1276 1841 tetigere
1292 1768 1439 1819 manus.
1519 1752 1588 1819 20¹

522 1860 649 1951 Hunc,
664 1864 775 1938 simul
793 1865 942 1961 agnovi,
955 1887 1082 1962 neque
1099 1862 1200 1937 enim
1218 1862 1311 1936 mihi
1328 1863 1450 1937 notior
1463 1863 1571 1949 alter,

572 1979 729 2055 Talibus
747 1980 875 2056 adlata
892 1992 953 2056 est
970 1982 1091 2056 libera
1106 1981 1236 2077 lingua
1252 1979 1378 2054 sonis:

523 2096 557 2169 O
577 2120 683 2195 puer,
703 2098 826 2173 exsilii
845 2098 1009 2197 decepto
1025 2122 1143 2173 causa
1159 2097 1353 2193 magistro,

573 2211 697 2297 Quem
715 2211 785 2288 fuit
802 2215 932 2289 utilius
945 2239 1021 2290 non
1038 2214 1215 2290 docuisse
1232 2214 1344 2287 mihi!
1453 2244 1458 2252 ·

521 2327 610 2402 Huc
625 2352 778 2427 quoque
793 2330 943 2418 venisti,
954 2355 1032 2429 pax
1042 2341 1102 2405 est
1114 2330 1180 2405 ubi
1191 2340 1362 2429 tempore
1376 2327 1492 2416 nullo,
1520 2332 1572 2402 25

574 2442 624 2519 Et
641 2445 719 2519 coit
736 2446 928 2521 adstrictis
946 2449 1129 2522 barbarus
1147 2446 1246 2521 Ister
1263 2446 1398 2544 aquis?

523 2558 619 2645 Quae
629 2560 699 2635 tibi
712 2563 935 2637 causaviael
952 2562 1026 2637 nisi
1039 2564 1095 2637 uti
1109 2563 1209 2637 mala
1221 2572 1351 2637 nostra
1361 2562 1534 2637 videres?

571 2674 658 2761 Quo
676 2687 777 2765 sunt,
796 2676 828 2751 si
846 2678 984 2764 nescis,
1003 2678 1187 2753 invidiosa
1202 2678 1285 2752 tibi.

519 2790 579 2865 Tu
597 2792 688 2867 mihi
706 2794 857 2869 dictasti
871 2794 1054 2892 juvenilia
1068 2794 1237 2870 carmina
1253 2794 1419 2893 primus:

571 2907 744 3009 Adposui
762 2911 876 2999 senis,
895 2922 934 2987 te
951 2912 1062 3001 duce,
1081 2912 1252 3011 quinque
1270 2911 1403 3010 pedes.
1520 2914 1571 2983 30

523 3021 607 3099 Nec
625 3049 687 3099 me
705 3024 870 3100 Maeonio
888 3051 1117 3125 consurgere
1135 3027 1315 3115 carmine,
1335 3050 1405 3100 nec
1423 3049 1485 3101 me

573 3138 712 3215 Dicere
729 3166 951 3238 magnorum
968 3167 1106 3241 passus
1124 3167 1165 3217 es
1183 3154 1270 3217 acta
1282 3144 1437 3217 ducum.

523 3255 697 3331 Forsitan
715 3258 885 3355 exiguas,
906 3258 1052 3357 aliquas
1070 3269 1339 3347 rememorans
1356 3269 1398 3334 et
1415 3259 1513 3357 ignis

573 3370 721 3467 Ingenii
738 3372 835 3447 vires
853 3376 1108 3450 comminuere
1126 3376 1214 3449 mei.

558 3636 1024 3699 resamrmmrmmuum
1108 3635 1261 3709 raam]
1274 3644 1336 3693 ars.
1370 3643 1482 3691 umus
1495 3642 1571 3709 riq*

522 3711 615 3774 ruram]
629 3712 837 3778 FulonArgentiu.
846 3724 871 3764 et
880 3716 1024 3767 codexScn·
1072 3736 1104 3769 re
1115 3728 1141 3769 et
1150 3720 1252 3784 impexae
1268 3728 1362 3783 propter
1376 3718 1520 3782 aquilonem,
1530 3717 1574 3781 qul

522 3782 589 3848 liger.
596 3784 660 3833 unde
670 3786 758 3835 Fulcra
765 3786 785 3837 is
792 3787 935 3853 conjiciebat
941 3791 1024 3855 3qnod
1072 3794 1103 3844 ad
1120 3810 1151 3843 en
1165 3794 1221 3843 loct
1233 3793 1355 3842 volantem
1368 3792 1511 3858 Cupidinem
1529 3791 1573 3840 td·

523 3857 655 3907 Vaticanus
681 3859 764 3925 prims
791 3870 853 3911 noua
880 3864 1022 3915 confirmat:
1071 3868 1179 3924 flaverat,
1191 3876 1218 3916 et
1227 3866 1349 3932 impexum
1359 3864 1500 3914 reddiderat
1526 3866 1573 3914 Vel

523 3929 637 3979 Pulcrum
652 3948 695 3998 pro
710 3934 796 3985 baculo
815 3936 909 4001 posuit:
926 3936 1023 4002 pdddnv
1072 3943 1145 3992 etiarn
1156 3950 1291 3991 moeroreet
1304 3941 1383 3998 luctu,
1392 3948 1486 4006 propter
1495 3948 1572 4005 poelt

523 4002 670 4066 ὑακιιθίνην
683 4005 726 4056 dat
736 4008 819 4058 Amori
830 4011 965 4069 numm,
974 4012 1023 4063 Od.
1072 4014 1244 4065 calamitatem.

522 4076 563 4126 vii.
581 4078 670 4128 llrrus.
704 4082 803 4131 Acarna.
821 4084 860 4133 De
871 4102 941 4135 acere
950 4086 1022 4138 lectt
1106 4088 1236 4152 amun]
1256 4088 1336 4137 Etiam
1354 4088 1442 4137 Bam.
1457 4095 1483 4135 el
1497 4086 1574 4150 magis

522 4152 567 4201 Est
582 4154 644 4203 enim
659 4171 734 4220 genus
743 4156 810 4222 ligni.
828 4160 915 4225 Virgil.
927 4162 1024 4211 AEneid.
1072 4164 1159 4217 Latine
1175 4162 1267 4211 dictum
1276 4162 1371 4211 ridetur
1385 4178 1428 4227 pro
1438 4161 1518 4226 suerit
1531 4148 1575 4209 air

522 4225 548 4277 ii.
558 4244 607 4277 ver.
617 4230 671 4278 112.
686 4232 916 4283 uolumenum
926 4238 1023 4285 camb.
1065 4237 1163 4302 suaset,
1180 4252 1252 4301 quarn
1266 4238 1333 4302 forat
1349 4236 1375 4285 in
1391 4235 1483 4286 duobus
1498 4233 1574 4291 liuns.

523 4300 596 4352 Men.
1073 4310 1138 4374 quod
1154 4310 1259 4377 ⁴quidem
1287 4310 1375 4359 rectius
1400 4318 1471 4375 purat
1492 4310 1574 4357 Bam.

559 4376 597 4425 17.
612 4376 716 4427 Horrida
729 4382 877 4445 peridoneus]
897 4382 1024 4447 Repetilur
1073 4384 1188 4433 Hama-
1525 4376 1532 4385 ι

520 4464 550 4501 or
564 4462 610 4500 uox
626 4466 695 4501 versu
712 4453 832 4518 proximo:
851 4472 925 4520 quare
941 4456 1023 4506 malim
1105 4460 1146 4507 29.
1164 4456 1199 4506 Tu
1216 4460 1273 4510 milri
1289 4457 1403 4521 dictasti-J
1419 4457 1477 4506 viu
1491 4456 1574 4504 Amor.

524 4524 644 4588 Spnollida
653 4544 694 4576 ora
705 4527 744 4576 hic
755 4528 818 4592 legi5
836 4528 880 4577 nisi
891 4546 960 4578 venu
969 4545 1022 4595 pro-
1073 4531 1115 4580 lib.
1126 4532 1143 4580 i.
1155 4532 1223 4596 Eleg.
1236 4534 1258 4580 l.
1270 4530 1371 4597 princip.

524 4597 586 4647 rimo
595 4602 685 4651 sordido
695 4604 773 4663 murno
783 4619 891 4669 repones.
908 4604 999 4654 Herus.
