3609 5967
455 758 499 827 12
758 760 797 825 P.
825 757 988 826 ovlnll
1011 759 1225 829 NASONIS

458 936 546 1011 Sive
564 935 747 1010 latrocinii
765 934 837 1008 sub
855 934 1018 1031 imagine
1034 936 1202 1009 calculus
1219 936 1290 1011 ibit
1305 966 1314 1027 ;

508 1052 584 1126 Fac
601 1061 731 1152 pereat
746 1051 863 1126 vitreo
881 1050 989 1124 miles
1007 1053 1056 1125 ab
1073 1052 1182 1126 hoste
1199 1063 1299 1126 tuna.

458 1170 547 1268 lpse
565 1179 651 1243 tene
668 1168 833 1242 distenta
851 1168 929 1243 suis
946 1169 1167 1241 umbracula
1181 1167 1318 1265 virgis:

507 1284 597 1384 lpse
615 1284 696 1358 lace
713 1285 752 1356 in
768 1284 893 1369 turbo,
911 1286 988 1380 qul
1006 1285 1108 1359 venit
1125 1286 1200 1371 illa,
1218 1287 1356 1359 locum.
1425 1291 1500 1360 210

460 1401 542 1476 Nec
560 1401 691 1475 dubita
708 1400 817 1473 tereti
835 1422 1030 1471 scamnum
1047 1400 1255 1497 producere
1272 1401 1392 1475 lecto:

511 1517 561 1591 Et
577 1527 705 1591 tenero
723 1516 864 1589 soleam
881 1515 1004 1601 deme,
1023 1517 1081 1589 vel
1100 1516 1210 1603 addc,
1228 1516 1329 1615 pedi.

460 1635 572 1732 Saepc
589 1632 702 1706 etiarn
720 1631 893 1719 dominae,
914 1633 1084 1730 quamvis
1102 1632 1271 1707 horrebis
1289 1632 1439 1730 etipse,

509 1749 680 1847 Algentis
698 1772 830 1823 manus
849 1759 909 1823 est
925 1749 1157 1825 calfacienda
1174 1750 1269 1823 sinu.

459 2066 536 2115 rictus
551 2072 595 2122 est,
608 2065 738 2131 persolvere
755 2080 853 2115 necessa
870 2065 953 2115 hebet.

460 2136 539 2188 Aede
556 2139 610 2187 talis
624 2147 648 2187 et
662 2138 745 2188 ceteris
761 2138 869 2188 ludomm
881 2156 954 2203 gene-

459 2213 534 2269 ribus,
544 2211 599 2261 vide
615 2228 667 2277 qua
683 2212 708 2260 in
722 2212 853 2262 secundum
868 2213 955 2263 librum

460 2286 572 2335 Tristium
587 2302 615 2335 ex
633 2284 731 2335 Polluce
748 2295 772 2335 et
786 2286 840 2336 aliis
857 2287 955 2352 quibus·

459 2358 516 2407 darn
528 2357 698 2409 mouerimus.
733 2358 796 2408 Nem
806 2376 860 2425 que
871 2359 910 2409 bie
924 2360 955 2410 de

461 2433 559 2505 Venere·
567 2443 593 2482 et
609 2434 666 2489 Coo,
683 2432 740 2481 item
757 2434 787 2483 de
801 2434 862 2484 Cbio
874 2443 899 2483 et
914 2436 956 2483 Se-

460 2508 530 2557 nioue
556 2507 629 2556 tradit
653 2508 758 2565 Memla,
784 2517 888 2557 veterum
915 2507 955 2557 de-

460 2582 625 2649 scriptionibus
635 2596 682 2631 nou
694 2582 789 2631 omnino
804 2582 956 2648 respondent.

460 2656 525 2704 Nam
538 2658 676 2713 caniculam,
694 2671 742 2721 que
754 2655 869 2705 unitatem
883 2657 956 2721 signi-

461 2729 572 2787 ficabant,
591 2729 650 2779 alias
664 2731 740 2779 eliam
758 2732 883 2780 vocabant.
916 2732 956 2780 Se·

462 2808 550 2854 utonem
566 2814 655 2861 autem,
668 2804 709 2869 qui
726 2814 750 2855 et
767 2805 846 2866 ἑξέτης
858 2805 955 2856 diceba-

460 2888 506 2937 tur,
513 2886 538 2927 et
545 2878 662 2928 senorium
671 2894 794 2928 numerum
801 2879 958 2945 significabat,

461 2970 533 3009 coum,
549 2952 656 3018 plerique
675 2954 714 3017 (ut
735 2952 820 3001 Pollux
840 2952 886 3017 ait)
905 2956 957 3020 qui·

461 3026 599 3077 demetiam
615 3024 698 3091 χιάδα,
709 3026 758 3075 sive
765 3030 859 3089 jaesum
872 3029 959 3077 chium.

464 3102 538 3151 Venus
545 3109 634 3157 eutem,
643 3116 692 3165 qua
698 3100 793 3150 Merula
799 3102 959 3167 septenarium

462 3190 585 3225 numerum
598 3174 673 3223 notari
687 3174 753 3231 dicit,
765 3183 814 3223 tum
826 3174 959 3235 dicebatur,

462 3248 558 3316 quaudo
566 3248 646 3297 nullus
655 3248 718 3298 tolus
728 3248 811 3299 eodem
825 3250 901 3307 vultu,
911 3266 959 3316 qno

462 3322 543 3379 ceteri,
551 3323 629 3371 stabat
637 3340 645 3383 ;
660 3331 711 3370 erat
720 3322 787 3387 queis
793 3323 958 3387 jactuslucro·

462 3396 576 3453 sissimus,
595 3394 774 3461 depositumque
795 3404 871 3444 totum
888 3396 957 3446 tolle-

450 3474 515 3533 ,bet.
556 3470 626 3520 Unde
643 3478 668 3519 et
688 3470 806 3519 Martialis
823 3468 892 3529 dixit,
912 3473 957 3522 lib.

465 3546 513 3595 xiv.
527 3546 567 3593 14.

498 3621 555 3670 Cum
567 3621 655 3669 noem
670 3620 737 3667 uultu
751 3618 829 3667 nullus
842 3622 883 3669 rior·
897 3622 959 3671 talus

561 3694 643 3751 eodem,

530 3770 631 3818 Munera
648 3770 758 3816 medices
777 3786 860 3834 magno
875 3770 960 3817 dedisse

561 3846 610 3893 tut.

464 3918 570 3984 Reliqua
582 3918 636 3969 vide
654 3916 707 3966 loco
725 3916 813 3966 citato:
830 3918 872 3967 ubi
888 3916 960 3967 etde

464 3994 522 4043 ludo
539 3992 733 4047 latrunculorum,
753 4000 777 4040 et
793 3992 847 4041 aliis
862 3991 960 4057 quibus·

464 4069 529 4124 dem,
544 4081 598 4131 que
613 4064 681 4115 uobis
696 4064 839 4123 viderentur,
851 4064 960 4130 exposui·

465 4158 527 4193 mue.
557 4141 699 4189 Mrcunnus.
730 4138 808 4188 Recte
834 4138 959 4204 Micyllus.

466 4219 538 4267 Pena
550 4222 594 4271 est,
604 4222 632 4263 ut
647 4230 676 4263 ex
692 4222 770 4280 pacto.
781 4213 801 4263 si
814 4214 858 4263 hoc
875 4213 914 4261 vel
929 4212 959 4261 il-

465 4292 507 4341 lud
514 4287 597 4356 jaciat,
608 4287 633 4336 in
647 4286 751 4337 medium
763 4287 868 4337 conferat
882 4296 959 4336 certos

464 4380 580 4420 nummos,
593 4377 652 4427 quos
659 4361 733 4411 vietor
742 4360 862 4411 universos
872 4361 959 4410 aufert.

466 4447 492 4487 ut
510 4437 633 4501 Augustus
654 4434 718 4501 apud
738 4434 884 4491 Suetonium,
905 4450 959 4499 cap.

467 4511 525 4562 lxxi.

498 4586 556 4634 206.
575 4585 683 4634 Damnosi
696 4582 783 4647 eoam]
801 4581 902 4641 Senioni,
919 4583 962 4648 qui

1001 2067 1082 2133 jactus
1097 2066 1257 2123 felicissimus,
1268 2065 1325 2115 unio
1339 2080 1381 2113 seu
1390 2063 1456 2113 cauis
1466 2062 1502 2113 illi

1004 2142 1133 2191 contrarius
1145 2141 1316 2206 opponebatur.
1333 2139 1367 2188 sic
1382 2148 1408 2187 et
1422 2138 1503 2186 Persio

1004 2219 1111 2265 domm
1120 2216 1228 2265 cuniculo
1241 2214 1273 2263 de
1284 2212 1370 2263 eadem
1381 2228 1407 2261 re
1417 2213 1502 2277 Satyra

1005 2288 1083 2346 tertia,
1097 2298 1122 2338 et
1135 2292 1212 2337 derter
1226 2290 1296 2336 reum.
1330 2285 1394 2335 Unio
1410 2286 1435 2332 in
1449 2284 1504 2333 talis

1004 2363 1071 2413 erim
1081 2364 1131 2413 sive
1144 2362 1219 2411 canis.
1233 2362 1260 2411 iu
1274 2361 1367 2411 tesseris
1379 2360 1436 2418 ὄνος
1451 2358 1501 2407 sive

1006 2438 1096 2487 minus.
1129 2437 1289 2486 blittebsntur
1303 2445 1384 2485 sutem
1401 2434 1444 2483 tali
1460 2433 1500 2481 fri·

1006 2511 1058 2560 tillo
1084 2527 1099 2559 a
1123 2509 1262 2559 ludentibus
1283 2509 1308 2557 in
1335 2524 1444 2573 pyrgum,
1469 2523 1500 2556 ne

1005 2584 1083 2634 fraudi
1092 2584 1160 2633 locus
1169 2592 1241 2633 esset.
1274 2583 1365 2631 Herus.

1037 2660 1095 2707 209.
1112 2658 1163 2720 lpse
1173 2669 1223 2707 tene
1238 2661 1337 2706 Mento
1351 2658 1399 2705 ruis
1411 2657 1502 2703 moro·

1006 2734 1059 2780 culo
1069 2732 1161 2797 virgin]
1180 2731 1243 2780 Vida
1254 2746 1307 2795 qum
1323 2730 1354 2778 de
1362 2730 1466 2794 flabellis
1478 2738 1503 2777 et

1006 2808 1109 2855 omullo
1127 2805 1299 2861 adnotavimus,
1317 2804 1349 2854 ad
1367 2803 1448 2851 Amor.
1466 2802 1501 2851 ili.

1008 2882 1078 2945 Eleg.
1089 2880 1115 2930 ii.
1126 2882 1166 2929 ³8.
1199 2880 1288 2929 Ausa.

1040 2956 1096 3003 211.
1116 2954 1191 3003 Tereti
1200 2971 1315 3003 scamnum
1322 2955 1448 3015 producere
1459 2952 1502 3000 lec-

1009 3028 1053 3091 to.]
1075 3028 1175 3094 lipsius,
1193 3027 1236 3076 lib.
1254 3027 1291 3075 iii.
1306 3027 1407 3075 Centur.
1425 3026 1502 3091 Epist.

1008 3102 1080 3151 bsuc.
1097 3102 1123 3150 ii.
1139 3116 1262 3151 scamnum
1277 3099 1341 3148 idern
1359 3114 1420 3156 esse,
1438 3098 1502 3165 quod

1008 3176 1091 3224 sellam
1103 3175 1154 3223 sive
1164 3172 1302 3223 cathedram
1315 3180 1392 3238 putet.
1402 3172 1446 3221 sed
1455 3188 1504 3237 quo

1008 3251 1098 3299 ratione
1106 3258 1164 3299 tuuc
1177 3262 1299 3297 oeamuuru
1312 3248 1376 3295 lecto
1389 3246 1504 3311 produce·

1007 3325 1088 3373 returl
1120 3322 1209 3371 Melius
1231 3321 1323 3387 capitur
1349 3319 1379 3368 de
1400 3336 1503 3380 scamno,

1007 3414 1055 3463 quo
1066 3398 1192 3447 utebantur
1201 3398 1276 3445 lectos
1287 3395 1382 3444 altiores
1391 3410 1503 3444 conscen-

1007 3473 1065 3521 suri.
1076 3488 1119 3537 per
1126 3473 1271 3520 lectnnrvero
1279 3469 1318 3519 bic
1329 3485 1376 3518 non
1383 3468 1503 3526 lecticam,

1006 3545 1049 3594 sed
1069 3544 1239 3594 accubitorium
1260 3543 1425 3607 intelligerem,
1446 3543 1503 3608 quie

1008 3619 1039 3668 de
1046 3618 1111 3669 solea
1120 3619 1234 3684 sequitur,
1241 3616 1503 3683 quamposuisseoccu·

1008 3693 1107 3749 bituros,
1122 3691 1202 3742 notius
1214 3700 1258 3749 est,
1274 3706 1346 3757 quam
1362 3698 1390 3739 ut
1405 3689 1502 3739 demon·

1008 3768 1077 3816 strari
1087 3774 1164 3832 egent.
1197 3767 1285 3814 Bonus.

1041 3842 1098 3889 212
1117 3840 1201 3887 Teucro
1216 3841 1297 3887 solenes
1312 3841 1382 3895 deors,
1397 3838 1433 3885 oet
1446 3840 1503 3885 udde

1007 3914 1081 3979 pedi]
1095 3913 1280 3978 Exequebantur
1287 3912 1339 3961 herc
1346 3911 1413 3977 pueri
1421 3910 1453 3959 ad
1462 3926 1503 3976 pe·

1009 3988 1060 4045 des,
1071 3997 1096 4037 et
1106 3987 1199 4036 ancille
1209 4003 1276 4052 quas,
1287 4004 1301 4035 e
1312 4002 1417 4043 munere,
1428 4001 1504 4034 amn·

1008 4065 1071 4113 dolio
1084 4064 1211 4112 vocebeut.
1245 4062 1377 4111 Differebat
1395 4070 1475 4111 autem
1489 4076 1505 4109 a

1008 4137 1090 4187 calceo
1100 4138 1174 4185 soleo.-
1191 4136 1287 4185 calceus
1297 4136 1360 4184 eninr
1370 4135 1456 4200 pedem
1467 4144 1504 4183 to·

1008 4221 1060 4261 tum
1080 4210 1155 4271 texit3
1177 4212 1245 4268 soleo,
1268 4210 1375 4276 plautum
1394 4217 1504 4257 tanturn:

1007 4300 1062 4351 pars
1077 4285 1141 4334 enim
1155 4284 1259 4351 superior
1273 4282 1373 4332 babenb
1383 4281 1505 4331 devincie-

1007 4360 1086 4408 batur.
1120 4360 1182 4417 Qua
1195 4367 1275 4408 autem
1290 4354 1381 4405 Latinis
1391 4354 1503 4404 differen-

1010 4433 1044 4482 tia
1053 4433 1160 4483 calceum
1169 4433 1230 4481 inter
1238 4441 1263 4481 et
1273 4434 1362 4486 solean,
1369 4428 1454 4479 eedem
1462 4446 1505 4495 po·

1010 4509 1111 4557 uebatur
1128 4507 1193 4573 apud
1204 4507 1302 4556 Grecos
1315 4504 1375 4554 inter
1387 4502 1505 4569 ὑπόδημα

1011 4591 1033 4630 et
1046 4579 1189 4632 σανδάλιον.
1221 4580 1310 4630 Arrun.
