3609 5967
489 784 723 853 TRISTIUM
748 780 839 851 LIB.
864 784 927 850 lv.
953 783 1089 884 ELEG.
1115 783 1144 847 Ι.
1274 780 1341 846 269

293 958 373 1032 Nos
392 984 544 1059 quoque
562 960 766 1048 delectant,
786 958 957 1057 quamvis
975 980 1152 1043 nocuere,
1171 953 1311 1043 libelli3

340 1072 529 1173 Quodque
545 1076 637 1149 mihi
654 1074 773 1149 telum
789 1074 943 1147 vulnera
960 1071 1061 1159 feeit,
1082 1096 1180 1145 amo.
1266 1096 1267 1099 ¹
1290 1073 1339 1142 36

292 1187 462 1263 Forsitan
480 1192 551 1265 hoe
570 1188 737 1290 studium
755 1189 877 1287 possit
892 1187 994 1261 furor
1012 1212 1097 1261 esse
1115 1187 1254 1275 videri3

342 1303 419 1378 Sed
438 1307 619 1403 quiddam
636 1308 739 1381 furor
756 1304 817 1377 hic
837 1304 1010 1377 utilitatis
1028 1302 1164 1377 habet:

291 1418 451 1519 Semper
468 1422 507 1494 in
524 1423 658 1517 obtutu
677 1431 843 1495 mentem
859 1428 964 1492 vetat
980 1442 1065 1492 esse
1083 1418 1278 1505 malorum,

340 1534 545 1611 Praesentis
563 1560 675 1610 casus
693 1535 1030 1632 immemoremque
1046 1531 1147 1606 iacit.
1289 1535 1339 1604 to

292 1647 425 1747 thue
444 1676 555 1725 suum
574 1649 738 1724 Bacchis
755 1674 830 1722 non
848 1650 964 1723 sentit
982 1647 1112 1722 saucia
1127 1648 1276 1734 vulnus,

230 1789 239 1803 ·
342 1764 445 1838 Dum
464 1777 594 1864 stupet
611 1764 754 1838 Edonis
772 1765 966 1839 exululata
978 1764 1103 1862 jugis3

291 1878 370 1967 Sic,
391 1882 454 1955 ubi
473 1893 577 1955 mota
593 1882 720 1956 calent
736 1879 844 1953 viridi
862 1903 948 1955 mea
965 1890 1121 1979 pectora
1138 1880 1282 1979 thyrs0,

340 1995 648 2073 Altiorhumano„
659 1994 813 2094 spiritus
831 1994 894 2069 ille
912 1995 1012 2069 malo
1029 2004 1109 2070 est:

325 2235 365 2284 29.
384 2235 422 2285 Vre
440 2255 475 2287 me
494 2248 554 2288 tenet
581 2243 629 2302 ipro
650 2237 789 2302 mmm]
842 2237 906 2295 linis,
917 2253 971 2303 qna
988 2236 1087 2287 Baccho
1101 2234 1168 2301 orgia
1179 2236 1292 2294 celebrat,
1303 2235 1341 2287 fu·

291 2307 396 2358 Sororum
406 2322 559 2374 servatarum
569 2313 634 2378 quod
644 2315 735 2380 placet:
747 2314 792 2362 hoe
842 2328 893 2361 rore
910 2321 1025 2378 correpta,
1041 2310 1120 2376 qualis
1138 2318 1214 2360 mater
1231 2310 1341 2370 Penthei,

290 2391 333 2440 est,
345 2383 471 2434 Musarum
478 2403 487 2446 3
502 2385 557 2436 vide
568 2388 629 2436 Met.
640 2387 739 2436 intio.
748 2387 791 2436 ubi
841 2394 865 2433 et
873 2384 964 2434 similes
971 2384 1138 2433 deseribuntur
1145 2383 1186 2432 lib.
1195 2383 1229 2433 iii.
1236 2386 1340 2434 Metam.

289 2471 373 2505 sorores
388 2474 430 2523 pro
445 2459 523 2508 Furiis
538 2470 671 2525 ponuntur:
690 2476 746 2509 nam
760 2476 790 2509 ex
841 2458 935 2507 Saucia.
955 2457 1010 2506 Deo
1022 2457 1101 2522 plena.
1135 2457 1188 2505 Nou
1198 2460 1342 2506 septitanum

290 2538 403 2580 contextu
417 2533 530 2582 orationis
540 2534 597 2583 saus
607 2533 704 2598 agnosci
713 2543 791 2600 potest
840 2533 934 2580 uulnus.
966 2531 1023 2579 Non
1034 2531 1105 2579 sentit
1115 2545 1183 2578 suum
1195 2522 1305 2581 tirrorem.

289 2618 319 2652 ae
339 2604 494 2670 deprehendi,
516 2607 547 2656 de
567 2607 655 2672 quibus
673 2607 792 2657 sororibus
874 2606 915 2653 ta.
933 2605 997 2653 Dum
1006 2614 1081 2666 stupet
1097 2603 1164 2654 tara
1173 2605 1293 2652 miniato
1295 2608 1342 2667 ja*

290 2686 388 2742 agatur:
406 2678 453 2727 duo
471 2680 567 2729 codices
578 2683 612 2729 vir
626 2685 791 2743 mtenetr'psa
840 2679 896 2744 gia]
923 2678 1000 2728 Prim.
1022 2677 1133 2728 Politiaui
1155 2677 1240 2727 Idonis.
1276 2679 1342 2745 Lege

291 2755 400 2802 uenum.
433 2753 498 2803 Infra
515 2754 558 2804 lib.
568 2754 650 2807 irAEl.
662 2757 735 2806 ι.39.
745 2757 790 2805 Ao·
842 2753 935 2802 Edorrr'r.
969 2752 1087 2819 Superiori
1102 2767 1173 2800 versu
1190 2766 1232 2817 pro
1245 2750 1343 2811 Bocche,

290 2828 342 2873 ntur
357 2843 442 2875 sorores
449 2845 459 2885 ,·
476 2836 501 2877 et
511 2827 554 2878 lib.
565 2844 589 2876 v.
599 2829 638 2877 El.
648 2827 689 2877 xii.
699 2831 739 2880 ⁴5.
750 2848 789 2879 no-
839 2827 909 2893 prim.
929 2826 1010 2877 Vatia.
1031 2834 1056 2876 et
1077 2826 1154 2876 codex
1176 2826 1242 2876 Petri
1261 2823 1342 2877 Servii

291 2899 511 2950 uentororerdixit.
541 2901 631 2951 Herus.
668 2902 791 2953 Vitmete-
841 2901 945 2951 Bacchis.
986 2900 1057 2949 Certe
1080 2898 1199 2965 Βακχίδες
1219 2899 1343 2950 Aristoteli

289 2984 328 3022 net
345 2976 402 3036 ipra.
435 2975 539 3039 Nequeo
557 2975 607 3025 hec
621 2976 702 3025 studia
716 2975 790 3042 depo-
839 2976 864 3025 in
879 2974 1044 3033 Problematis,
1055 2982 1080 3024 et
1097 2974 1226 3024 Plutarcho
1241 2974 1342 3035 eadem,

289 3064 356 3097 nere.
390 3050 470 3097 Pour.
840 3066 893 3114 qna
912 3049 966 3098 aliis
983 3047 1086 3112 Βάκχαι.
1119 3047 1255 3113 Hesychius
1267 3050 1343 3110 θυιὰς

323 3124 364 3171 ³1.
381 3122 420 3171 Sic
438 3141 497 3171 nouo
514 3123 645 3187 Dulichia]
664 3124 790 3182 Homerus,
838 3120 940 3187 βακχίς.
955 3122 978 3172 oi
995 3120 1020 3171 δὲ
1036 3118 1146 3179 Μαινάς.
1181 3121 1267 3171 Edonis
1271 3126 1342 3189 jugis

289 3195 331 3244 lib.
347 3195 381 3244 ix.
395 3196 483 3261 odyss.
496 3196 586 3254 scribit,
602 3197 713 3262 Ulyrsem
730 3206 789 3247 tem-
839 3196 970 3262 amplector
984 3210 1033 3261 pra
1043 3194 1144 3260 vulgata
1161 3194 1264 3244 lectione
1273 3198 1342 3262 jugis

289 3269 789 3339 pestateactum,inAfrieamadIotopha.
840 3270 922 3320 ideis:
943 3272 978 3320 sic
1004 3269 1098 3319 Edonus
1126 3269 1210 3318 Boreae
1236 3270 1342 3331 Maroni,

289 3358 332 3407 gos
344 3343 479 3401 accarim
489 3344 588 3410 ejusque
604 3344 680 3393 socio·
693 3353 790 3409 gustata
840 3344 939 3394 AEneid.
956 3344 999 3393 lib.
1014 3344 1057 3393 rii.
1069 3345 1133 3404 365;
1151 3344 1235 3394 Edono
1255 3346 1343 3408 hyemes

289 3415 345 3473 loto,
356 3416 457 3466 reditum
465 3418 490 3466 io
498 3416 601 3482 petriam
608 3416 695 3467 oblitos
703 3416 788 3467 fuisse:
840 3418 905 3484 apud
915 3418 1018 3468 Statium
1025 3426 1049 3467 et
1057 3418 1226 3476 Claudianum,
1233 3427 1258 3467 et
1266 3418 1343 3470 Edoni

289 3489 443 3553 quosinvitos
456 3500 482 3540 et
495 3491 579 3539 flentes
594 3489 674 3554 coegit
692 3489 790 3554 Ulyseea
839 3494 902 3541 uenti
917 3491 983 3558 apud
1001 3492 1125 3541 Valerium
1142 3492 1257 3543 Flaccum
1262 3511 1271 3555 3
1287 3509 1342 3559 pro·

289 3579 373 3613 narem
400 3563 568 3614 comendare.
612 3565 688 3613 Fuere
709 3574 790 3613 autem
840 3563 910 3613 duxit
920 3581 1013 3631 quoquo
1024 3564 1153 3614 mundam
1161 3565 1279 3630 syllabam
1289 3567 1342 3616 Ho-

290 3636 422 3702 lmtophagi
436 3638 518 3703 populi
532 3635 558 3685 in
568 3636 660 3694 Africa,
671 3652 685 3685 a
695 3637 744 3686 loto
752 3653 790 3686 ar·
840 3637 922 3696 ratius,
932 3656 978 3687 vion
994 3655 1035 3705 ego
1052 3639 1123 3687 lavim
1137 3638 1268 3688 Mento
1279 3640 1340 3690 Edo-

288 3712 344 3760 bore
353 3711 790 3778 adpellati,cujussructussuntmag·
840 3714 890 3761 uir:
908 3728 982 3777 quare
998 3713 1085 3761 frustra
1100 3722 1165 3769 aunt,
1178 3710 1219 3777 qni
1239 3711 1343 3765 Edonias

290 3783 396 3835 nitudine
404 3786 474 3842 taba,
483 3785 561 3834 oolore
569 3784 640 3842 croci,
647 3795 696 3836 tam
703 3784 789 3843 dulcis,
839 3801 882 3851 pro
892 3785 972 3835 Edono
981 3794 1107 3852 reponunt.
1125 3786 1155 3835 ln
1166 3786 1252 3834 Edonis
1262 3794 1342 3838 tamen

290 3868 316 3908 ut
334 3858 433 3909 advenis
451 3858 569 3908 incutiant
586 3859 670 3924 patria
689 3860 788 3908 oblivio·
839 3859 951 3924 ambigua
968 3869 1005 3909 est
1022 3859 1124 3926 syllaba,
1140 3860 1258 3925 quomodo
1275 3862 1342 3913 etin

290 3948 358 3982 nem:
381 3933 445 3999 qnod
467 3933 539 3982 docet
558 3933 661 3990 Plinius,
677 3933 721 3982 lib.
737 3934 789 3984 xiii.
839 3931 937 3983 Sidonis.
963 3935 1053 3983 Hirrus.
1088 3934 1242 3997 Dummtpet.
1274 3935 1342 3986 Dum

290 4021 344 4072 cap.
356 4007 401 4068 173
417 4005 498 4064 Silius,
508 4006 552 4054 lib.
562 4005 596 4055 iii.
607 4022 657 4055 rer.
668 4007 725 4056 ³10.
736 4023 773 4072 sq.
839 4007 1002 4057 eatadtonitu.
1037 4009 1112 4057 Modit
1125 4007 1198 4057 ldaeir.
1225 4009 1341 4067 Vocibus,

322 4081 425 4144 Spectmi
445 4083 533 4137 muris,
551 4098 605 4144 quos
625 4098 692 4130 moro
710 4084 791 4132 »otuu
839 4079 877 4129 vel
894 4082 979 4138 modis,
996 4082 1083 4147 quibua
1099 4080 1191 4131 Bacchi
1207 4082 1342 4132 acerdotea

353 4157 428 4211 attor,
839 4162 940 4205 utuntur
956 4156 981 4204 in
997 4154 1041 4206 Ida
1052 4164 1131 4205 monte
1142 4155 1230 4213 Creta,
1242 4164 1343 4206 matrem

323 4227 354 4276 Et
373 4231 439 4278 dulci
457 4232 530 4292 pascit
549 4230 605 4278 lotoe
621 4231 689 4278 nimis
704 4231 791 4293 hospita
839 4228 1088 4281 Dedmclamitantes.

354 4304 431 4351 burm.
872 4303 913 4352 43.
929 4302 999 4353 Sucro
1015 4313 1165 4366 maopretora
1178 4299 1279 4365 thyrsa]
1301 4298 1341 4349 Vi·

321 4376 362 4424 at.
380 4367 503 4426 Materiam
521 4380 594 4441 culpe
613 4376 680 4441 tam]
705 4377 790 4426 Malim
839 4378 888 4425 ridi
912 4378 990 4442 thyrso
1013 4377 1082 4443 prim.
1102 4375 1215 4425 Vaticau.
1238 4371 1342 4422 Rotten-

246 4488 249 4493 .
288 4466 350 4499 eure
360 4449 466 4509 mehor
475 4452 637 4510 estflammre,
647 4449 687 4500 vel
697 4450 791 4501 amoris.
840 4447 994 4516 dorphatrer
1003 4450 1076 4499 Polit.
1086 4456 1112 4498 et
1121 4457 1175 4495 octo
1186 4444 1235 4495 alii
1252 4444 1343 4497 Harm-

289 4524 379 4573 Hrras.
636 4566 639 4569 .
840 4523 870 4573 In
885 4524 959 4574 sacris
968 4524 1069 4581 Bacchi,
1080 4520 1214 4571 moerdotes
1229 4518 1281 4583 ejus
1300 4535 1342 4585 ge-

321 4597 362 4646 41.
379 4596 496 4663 matta]
517 4599 706 4657 Phoebas,vetes
714 4597 789 4663 Apol·
840 4598 937 4648 stabant
953 4595 1054 4664 thyrsos,
1065 4595 1147 4645 hasta·
1162 4592 1280 4662 pampinis
1296 4591 1343 4643 cir·
