3609 5967
443 765 513 831 EX
536 765 698 832 PONTO
723 766 813 830 Mu.
838 765 867 830 Ι.
892 766 1037 832 EPIST.
1061 767 1109 832 II.
1232 767 1298 832 350

257 937 436 1025 Vivimus,
454 949 497 1012 ut
513 933 628 1014 seusu
645 962 839 1035 nunquam
855 961 1050 1014 careamus
1067 963 1218 1029 amaro;

305 1053 354 1127 Et
370 1054 516 1150 gravior
532 1055 645 1148 longa
660 1053 703 1126 fit
720 1077 805 1128 mea
821 1078 933 1151 poena
950 1078 1066 1128 mora.
1248 1059 1297 1128 40

255 1169 320 1242 Sic
337 1169 615 1244 inconsumtum
633 1167 748 1266 Tityi,
767 1192 995 1266 semperque
1012 1193 1226 1256 renascens

303 1284 340 1358 N
342 1310 391 1358 on
408 1286 517 1384 perit,
537 1295 580 1359 ut
597 1285 718 1384 possit
734 1309 837 1383 saepe
856 1285 989 1384 perire,
1005 1287 1125 1383 jecur.

253 1400 317 1488 At,
330 1411 433 1499 puto,
446 1424 565 1498 quum
576 1400 739 1498 requies,
751 1400 1015 1497 medicinaque
1031 1401 1184 1500 publica
1197 1423 1296 1474 curae

305 1516 470 1591 Somnus
488 1517 608 1602 adest,
628 1517 748 1591 solitis
766 1541 842 1593 uox
859 1517 961 1590 venit
977 1519 1069 1590 orba
1086 1516 1214 1590 malis:

254 1631 411 1706 Somnia
426 1656 487 1707 me
504 1642 647 1706 terrent
662 1655 769 1705 veros
787 1631 972 1706 imitantia
989 1657 1121 1721 oasus;
1247 1635 1295 1706 45

305 1747 357 1820 Et
371 1749 526 1844 vigilant
542 1773 676 1825 sensus
694 1749 732 1821 in
750 1772 835 1822 mea
852 1749 991 1822 damna
1008 1748 1094 1823 mei.

253 1863 332 1936 Aut
347 1888 419 1960 ego
437 1863 668 1939 Sarmaticas
686 1862 814 1936 videor
831 1865 947 1938 vitare
965 1865 1146 1960 sagittas3

303 1979 381 2053 Aut
397 1980 487 2054 dare
504 1980 671 2077 captivas
690 1979 739 2052 ad
755 1978 834 2054 fera
851 1979 974 2054 vinela
990 2004 1144 2055 manus:

253 2094 343 2183 Aut,
363 2096 425 2169 ubi
443 2095 612 2194 decipior
629 2096 793 2170 melioris
812 2097 975 2194 imagine
991 2096 1127 2184 somni,

302 2210 484 2311 Adspieio
502 2213 634 2310 patriae
651 2224 753 2288 tecta
770 2212 904 2286 relicta
920 2235 1040 2288 meae:
1249 2216 1298 2284 50

255 2327 306 2400 Et
322 2329 434 2402 modo
451 2329 658 2415 vobiscum,
678 2354 775 2427 quos
792 2354 877 2406 sum
894 2338 1106 2413 veneratus,
1127 2327 1250 2414 amici,

305 2443 356 2516 Et
371 2444 484 2516 modo
501 2428 589 2519 cum
606 2468 695 2518 cera
710 2446 887 2540 conjuge,
906 2443 1025 2520 multa
1041 2445 1187 2540 loquor.

256 2557 333 2644 Sic,
353 2559 418 2635 ubi
436 2569 618 2657 percepta
633 2569 693 2634 est
709 2559 833 2633 brevis
851 2569 891 2634 et
908 2584 983 2634 non
1001 2582 1088 2634 vera
1104 2559 1290 2656 voluptas,

305 2674 419 2770 Pejor
435 2676 484 2748 ab
501 2675 694 2750 admonitu
712 2675 894 2748 tristatus
914 2675 985 2749 iste
1003 2674 1104 2748 boni.

256 2789 344 2864 Sive
360 2789 443 2864 dies
460 2791 574 2888 igitur
591 2802 707 2890 caput
723 2792 1027 2872 hoemiserabile
1045 2791 1175 2879 cernit,
1250 2795 1298 2864 55

306 2906 394 2982 Sive
411 2907 579 3006 pruinosi
597 2907 718 2981 noctis
736 2918 898 3004 aguntur
916 2907 1004 3005 equi
1019 2935 1028 2998 3

288 3213 328 3260 41.
345 3213 383 3262 Sir
399 3217 564 3262 inconsontiam
583 3213 667 3278 ruys]
688 3214 753 3279 Tityi
802 3215 902 3262 Somnus
916 3212 980 3263 enim
994 3213 1054 3261 solet
1066 3228 1117 3263 esse
1131 3227 1239 3261 curuum
1251 3229 1301 3262 me·

255 3287 363 3351 exemplo
374 3287 447 3335 docet
457 3303 527 3336 suum
543 3286 647 3337 dolorem
662 3304 754 3354 semper
802 3288 890 3336 dicim.

254 3362 354 3410 renosci.
387 3361 434 3410 ilio
445 3361 752 3428 amaritLatonam3prop-
835 3363 875 3409 45.
893 3359 1015 3408 imitantia
1030 3377 1092 3409 turos
1107 3359 1194 3423 terrm]
1220 3361 1300 3418 Quum

255 3444 291 3482 ter
305 3434 378 3498 quod,
393 3434 513 3499 Apollinis
529 3435 583 3484 telis
599 3437 714 3494 confixus,
729 3445 755 3485 et
801 3435 849 3484 tint
860 3436 928 3491 falsa,
940 3435 1050 3484 videntur
1062 3443 1141 3483 tumen
1152 3449 1207 3483 vere
1216 3449 1276 3486 esse.

254 3507 300 3556 hee
315 3523 388 3571 poena
398 3509 525 3558 damnatus
535 3510 600 3574 opud
610 3509 696 3558 inferos
711 3509 754 3558 od·
835 3510 875 3557 46.
899 3509 930 3556 Et
950 3510 1048 3572 vigitini
1067 3508 1164 3570 nome]
1203 3510 1234 3558 Et
1254 3511 1301 3560 mei

255 3581 349 3638 ficiturr
364 3583 416 3648 ejus
422 3583 491 3646 jecur
501 3583 582 3632 vultur
592 3583 683 3633 exedit.
713 3585 752 3633 Ti·
801 3599 895 3638 seusus,
907 3582 992 3648 inquit,
1003 3581 1110 3646 vigilant,
1121 3582 1259 3631 somniando
1272 3599 1302 3633 ea

255 3659 372 3718 tyiJ'reur.
388 3656 483 3720 Dequo
494 3655 580 3721 virgil,
590 3657 623 3706 vi.
633 3659 696 3708 595:
803 3672 857 3720 qure
867 3655 926 3703 mihi
937 3655 1050 3704 damnum
1062 3654 1180 3704 adierunt.

290 3730 338 3779 Nee
356 3749 401 3778 nort
419 3741 441 3779 et
460 3731 552 3794 Tityon,
569 3741 636 3780 term
652 3736 753 3796 omnipo-
836 3730 875 3778 49.
893 3727 1098 3793 Imogirrrtomni]
1115 3726 1302 3778 Jucundioribus

319 3807 527 3862 rentirultrrnmrrr,
803 3803 908 3858 somniis,
934 3803 1021 3867 quibus
1045 3799 1164 3850 interdum
1193 3801 1302 3852 deludor.

289 3878 386 3926 Cernere
396 3887 460 3926 emt:
475 3888 571 3940 portora
579 3895 657 3927 rorem
667 3880 753 3940 ruiju-
803 3876 880 3924 Sonat
890 3876 952 3928 dixit
961 3893 1003 3942 per
1014 3874 1148 3940 Synaeresiu
1161 3891 1203 3940 pro
1215 3879 1303 3926 somnii.

317 3969 376 4016 geru
385 3969 466 4014 corpur
806 3951 839 4000 Ut
849 3949 916 4014 Virg.
934 3947 1018 4014 Fatog.
1036 3947 1051 3996 i.
1064 3965 1112 3996 rer.
1129 3951 1174 3998 3³:
1192 3965 1233 3996 neo
1244 3967 1302 3998 cura

289 4027 754 4090 Porrigitrrr‚rortroquoimrimttur
800 4026 886 4086 mli.
919 4023 1016 4072 Ludunt
1026 4039 1069 4072 nos
1078 4022 1169 4071 somnia
1177 4021 1202 4070 in
1213 4030 1302 4072 utrom-

320 4102 406 4148 adunco
803 4105 961 4163 quepartem.
993 4097 1071 4146 Pour.

289 4173 420 4222 immota
436 4177 509 4236 Jecur
535 4177 640 4232 tundam,
657 4175 752 4240 soeeun·
836 4171 878 4219 54.
901 4172 936 4219 At
956 4169 1095 4232 udmonitu.]
1122 4169 1178 4217 Post
1195 4169 1301 4218 reeorda-

320 4251 394 4311 doqus
401 4252 472 4310 penit
804 4243 893 4293 tionem
902 4242 994 4310 patrino,
1005 4242 1143 4296 amicorum,
1153 4248 1178 4290 ot
1188 4241 1302 4306 conjugis,

292 4321 390 4377 Viscera,
405 4325 547 4385 rimaturque
561 4323 642 4384 sputis,
655 4323 752 4371 habim-
804 4333 859 4382 quo
876 4328 991 4382 tanquam
1007 4321 1068 4366 bona
1083 4314 1141 4362 milri
1156 4323 1238 4378 erepta
1251 4331 1302 4365 etse

321 4397 472 4456 putubasto
804 4391 882 4442 doleo.

292 4468 397 4516 Pectore:
424 4488 465 4518 rire
481 4471 551 4533 fibris
574 4473 661 4533 requies
683 4475 754 4519 datm
836 4469 876 4516 55.
894 4465 970 4528 captu
983 4465 1044 4527 lton]
1064 4462 1173 4527 Seiprum
1186 4462 1303 4527 designat.

321 4542 373 4590 ulla
382 4547 478 4592 renatis.
836 4541 877 4589 56.
893 4539 966 4588 Nocti
976 4545 1090 4586 curruset
1098 4535 1153 4601 equi
1161 4535 1303 4586 tribuuntur.

290 4616 331 4663 43.
366 4615 524 4679 Medicinam
549 4619 640 4679 putten
667 4618 752 4680 curm]
805 4609 1174 4662 v.Tibdt.iii.4.17.ii.l.tt.
1195 4611 1304 4662 Prrrirrori

904 4687 980 4734 Aul
