3609 5967
506 764 573 831 suo
800 762 839 827 Ρ.
864 760 1028 828 ovlnll
1053 760 1267 831 NASONIS

808 966 1140 1043 EPISTOLA
1180 968 1252 1043 IX.

877 1150 1027 1219 COTYI
1050 1152 1182 1219 REGI.

504 1290 648 1363 Rnom
669 1290 881 1389 progenies,
899 1289 961 1363 cui
981 1288 1188 1364 nobilitatis
1207 1291 1311 1388 origo

555 1406 707 1481 Nomen
725 1407 763 1479 in
782 1404 959 1504 Eumolpi
977 1406 1148 1503 pervenit
1165 1430 1300 1505 usque,
1321 1408 1444 1507 Coty;

505 1521 625 1596 Fama
641 1522 783 1619 loquax
800 1532 945 1596 vestras
964 1520 997 1593 si
1009 1522 1091 1619 jam
1108 1524 1280 1620 pervenit
1297 1524 1344 1598 ad
1363 1549 1483 1612 aures,

553 1638 621 1713 Me
638 1637 708 1712 tibi
724 1636 875 1712 finitimi
893 1646 1000 1738 parte
1014 1640 1143 1735 jacere
1162 1639 1255 1729 soli;
1474 1726 1479 1737 ⁸

505 1754 698 1853 Supplicia
715 1755 867 1842 exaudi,
882 1756 1065 1853 juvenum
1083 1754 1294 1843 mitissime,
1313 1782 1466 1833 vocem:
1528 1766 1554 1833 5

555 1870 757 1970 Quamque
769 1881 879 1971 potes
894 1870 1166 1969 protogenem
1180 1882 1301 1970 potes,
1313 1873 1418 1947 adfer
1427 1899 1553 1973 opem.

505 1986 573 2061 Me
590 1986 740 2062 fortuna
756 1986 838 2075 tibi,
857 1988 908 2063 de
926 2012 1003 2085 qna
1021 2012 1068 2063 ne
1086 2012 1308 2087 conquerar,
1324 1990 1396 2065 hoc
1414 2003 1483 2079 est,

393 2081 397 2100 '
553 2102 747 2193 umorum
768 2104 840 2179 noe
858 2128 935 2178 uno
954 2130 1029 2179 non
1047 2105 1321 2181 inimicamur.

504 2216 652 2317 Excipe
670 2217 907 2315 naufragium
925 2244 1000 2295 non
1019 2222 1113 2296 duro
1130 2222 1239 2296 litore
1253 2230 1435 2309 nostrum,

556 2333 617 2409 Ne
634 2333 748 2411 fuerit
764 2345 865 2410 terra
881 2336 999 2410 tutior
1016 2338 1117 2412 unda
1135 2346 1214 2412 tua.
1510 2343 1555 2411 10

505 2450 640 2549 Regia,
660 2452 774 2532 crede
790 2451 896 2539 mihi,
917 2474 977 2526 res
995 2463 1055 2527 est
1073 2454 1295 2527 subcurrere
1312 2453 1449 2555 lapsis:

554 2566 743 2641 Convenit
760 2578 935 2655 attento,
956 2580 1122 2667 quantus
1140 2594 1182 2644 es
1200 2570 1296 2669 ipse,
1310 2570 1402 2643 viro.

504 2682 710 2758 Fortunam
722 2684 835 2758 decet
848 2686 921 2759 hoe
932 2685 1066 2761 istam:
1087 2709 1173 2784 quae
1188 2686 1353 2761 maxima
1363 2710 1479 2783 quum
1491 2687 1552 2773 sit,

555 2798 653 2874 Esse
669 2811 797 2899 potest
814 2800 940 2877 animo
957 2803 1021 2875 vix
1038 2812 1165 2877 tamen
1183 2827 1293 2902 aequa
1309 2814 1387 2877 tuo.

537 3050 559 3097 l.
573 3049 853 3114 mungumerie]
871 3050 1002 3101 HuneCo
1054 3068 1130 3118 usque
1147 3054 1178 3103 eb
1195 3052 1328 3119 numdpm
1346 3050 1478 3116 Eumolpus
1490 3051 1554 3100 emm

501 3123 570 3179 tium,
589 3122 667 3171 filium
689 3123 752 3189 regis
774 3123 883 3173 Threcia
906 3134 931 3175 et
953 3126 1003 3176 Ge·
1054 3126 1162 3193 Neptuni
1183 3136 1208 3177 et
1227 3126 1340 3183 Chiones,
1359 3142 1413 3191 qua
1431 3127 1513 3174 Boroe
1529 3135 1555 3174 et

500 3206 587 3254 terum,
607 3197 679 3247 luisse
705 3196 765 3245 libet
786 3198 911 3263 suspicari,
931 3214 1003 3265 quem
1054 3202 1161 3266 Orithye
1181 3210 1246 3258 nats,
1266 3202 1337 3257 lilius,
1356 3216 1386 3250 es
1406 3200 1508 3249 'llirscie
1529 3200 1553 3248 in

501 3270 655 3337 Tranquillus
667 3271 918 3337 Gotiuunedpellet.
932 3275 1003 3323 Mae.
1053 3275 1159 3325 Atticam
1176 3275 1249 3325 venit.
1282 3276 1343 3323 Eum
1366 3288 1423 3323 sene
1439 3274 1556 3322 Hosnems

503 3346 612 3395 Peruenit
628 3362 698 3410 usque
715 3346 775 3397 coo.
802 3345 876 3396 Varie
894 3347 1003 3399 inscribi·
1053 3349 1158 3399 sumine
1169 3365 1211 3398 suo
1220 3348 1303 3397 fortem
1312 3346 1426 3413 adpellet.
1452 3347 1526 3395 Mna.

501 3427 540 3469 tur
557 3418 609 3468 hoe
626 3418 726 3483 Elegia5
743 3420 784 3469 elii
801 3420 832 3469 sd
851 3422 943 3472 Cetium
961 3423 1002 3471 lie-
1086 3426 1110 3473 8.
1130 3424 1184 3473 Non
1200 3426 1260 3473 duro
1278 3421 1367 3486 litora]
1388 3422 1443 3471 Non
1461 3436 1554 3487 aspero,

501 3494 568 3542 bens.
603 3492 670 3542 Inire
689 3493 776 3543 eedem
796 3494 881 3560 Elegia
900 3496 1003 3561 ponitur.
1053 3496 1096 3547 sed
1107 3496 1218 3562 benigno,
1229 3496 1333 3562 placido,
1344 3504 1369 3545 et
1382 3494 1481 3561 propitio
1494 3496 1554 3553 solo,

503 3568 608 3632 OGoty,
620 3569 738 3633 progenies
755 3570 829 3634 digua
842 3581 938 3631 parem
956 3580 1003 3629 tuo,
1054 3572 1122 3635 quasi
1141 3569 1213 3627 dicet,
1233 3585 1278 3634 ego
1299 3570 1418 3634 relegam
1438 3578 1553 3633 tanquam

501 3642 544 3694 sbi
558 3642 682 3693 vocativus
696 3642 763 3707 Coty,
779 3658 827 3693 non
842 3660 858 3693 e
873 3652 939 3694 recto
956 3646 1003 3695 Co·
1054 3643 1298 3709 neulmgus.supples
1308 3642 1340 3691 ed
1351 3642 1408 3691 litus
1418 3650 1485 3691 tuum
1496 3658 1555 3691 eon-

501 3717 558 3775 tius,
570 3716 614 3767 sed
631 3716 728 3782 aCetps
742 3716 807 3767 tertii
821 3718 912 3769 ordinis
927 3718 1002 3769 flecti·
1054 3718 1127 3783 lugio.
1137 3733 1267 3785 precorque
1282 3726 1310 3767 ut
1322 3732 1361 3766 me
1375 3716 1478 3781 benigne
1488 3716 1554 3765 exci-

500 3800 549 3841 tur.
576 3790 1002 3856 Micyllusdeeocotyhicintelli-
1052 3792 1113 3859 pias.

501 3863 545 3927 git,
562 3864 632 3928 cnjus
647 3864 737 3913 mentio
757 3864 784 3912 fit
802 3864 868 3929 apud
883 3865 1002 3924 Tacitum,
1088 3868 1126 3915 10.
1139 3866 1270 3933 Neesuen't
1280 3865 1363 3930 terve]
1377 3866 1414 3913 Ex
1424 3880 1472 3929 quo
1482 3872 1572 3934 poete‘

500 3936 545 3987 lib.
558 3936 583 3985 ii.
604 3944 630 3985 et
646 3952 718 4001 quens
737 3936 802 3985 idem
820 3948 911 3996 auctor,
931 3950 958 3989 ut
978 3950 1002 3990 et
1052 3941 1138 3998 innuit.
1155 3940 1206 3991 illic
1220 3938 1331 3990 tutiomm
1352 3939 1436 3989 sedem
1454 3954 1554 4004 speren-

499 4009 908 4077 smbo‚1io.1ii.cuym‚pery
927 4014 1001 4063 nomi·
1052 4012 1313 4080 demquaminmsri.
1333 4012 1490 4072 Quodsisibi
1502 4021 1554 4061 tam

500 4093 552 4136 nst.
578 4083 650 4144 Quod
668 4074 882 4149 libenteriequor,
899 4094 925 4134 et
941 4094 1001 4135 tem·
1052 4078 1124 4154 longe
1133 4088 1283 4153 navigatione
1292 4086 1406 4154 pepercit.
1415 4087 1490 4135 multo
1500 4102 1552 4135 ma·
1589 4142 1593 4149 ,

500 4176 584 4228 porum
610 4156 701 4208 maone
727 4153 819 4217 habite,
843 4168 868 4208 et
894 4175 1000 4224 persone
1052 4162 1088 4228 gis
1105 4164 1157 4229 ejus
1177 4172 1264 4212 terram
1284 4162 1398 4227 intelligit
1421 4160 1508 4211 debere
1530 4162 1554 4210 ei

501 4234 650 4301 qualitatem,
672 4241 698 4281 et
722 4232 844 4297 ingenium
872 4248 928 4282 oum
955 4233 1001 4285 heo
1050 4252 1156 4302 parcere.
1180 4237 1261 4285 Nostri
1271 4237 1361 4285 hebent
1371 4252 1407 4293 ne,
1418 4251 1460 4300 pro
1470 4252 1519 4283 nec.

417 4298 422 4318 ⁸
500 4307 660 4375 descriptione
678 4307 809 4357 conferens.
842 4306 868 4356 Is
893 4308 1004 4357 enimet
1088 4312 1126 4359 ll.
1145 4310 1285 4360 Sulcusrers
1302 4310 1390 4373 lapsu]
1413 4308 1493 4358 Cicer.
1513 4324 1554 4375 pro

501 4382 647 4449 temporibus
656 4380 759 4446 Augusti
769 4381 886 4446 supremis
900 4381 967 4439 vixit,
979 4391 1004 4432 et
1053 4382 1148 4449 Ligurio
1167 4385 1298 4441 confirmat,
1317 4384 1383 4433 nulle
1400 4398 1426 4431 re
1446 4383 1554 4431 homines

502 4460 534 4507 eb
553 4456 637 4506 eodem
655 4456 764 4521 Augusto
781 4456 847 4522 regni
862 4456 1004 4507 Tura'censis
1052 4457 1148 4524 propius
1166 4458 1197 4507 ed
1211 4460 1276 4507 Deos
1293 4457 1415 4513 accedere,
1426 4472 1499 4521 quam
1514 4472 1553 4506 se·

500 4540 593 4597 partem
604 4528 706 4596 accepit.
1052 4531 1128 4581 lmen
1136 4531 1271 4582 hominibus
1281 4532 1369 4581 dendo.
1397 4532 1477 4581 Pour.

533 4604 774 4668 eremumque,
793 4604 851 4668 &ol
869 4605 1002 4655 Descendit
