3609 5967
478 749 714 816 TRISTIUM
738 745 894 831 ΜΒΝ.
920 745 1056 813 ELEG.
1080 748 1150 814 Xl.
1273 743 1338 816 337

288 927 326 998 Ο
344 925 476 999 duram
491 921 689 1008 Lachesin,
705 945 791 1020 quae
808 933 886 996 tam
906 943 1018 1018 grave
1037 921 1143 997 sidus
1161 922 1317 998 habenti

341 1041 422 1114 Fila
438 1040 544 1114 dedit
560 1041 647 1112 vitae
666 1065 740 1112 non
758 1039 930 1113 breviora
947 1039 1061 1112 meae!
1288 1045 1336 1115 46

290 1156 400 1240 Quod
418 1157 549 1254 patriae
563 1155 682 1242 vultu,
698 1167 901 1252 vestroque
919 1177 1103 1240 caremus,
1125 1149 1257 1244 amici}

339 1271 529 1370 Quodque
546 1271 607 1345 hio
626 1272 666 1344 in
682 1271 874 1370 Scythicis
890 1269 1132 1344 finibus'esse
1151 1293 1309 1367 quer0r;

291 1388 462 1486 Utraque
481 1410 593 1486 poeua
609 1387 756 1484 gravis:
776 1385 897 1460 merui
915 1397 1042 1460 tamen
1059 1385 1153 1460 urbe
1172 1409 1322 1474 carere3

341 1502 428 1576 Non
446 1503 565 1576 merui
582 1502 649 1575 tali
668 1502 825 1576 forsitan
842 1525 927 1575 esse
945 1501 1041 1575 loco.
1289 1505 1338 1576 50

289 1617 392 1702 Quid
418 1619 565 1715 loquor,
585 1618 634 1690 ah
657 1617 835 1691 demensi
860 1617 982 1715 ipsam
1007 1639 1161 1714 quoque
1182 1617 1338 1716 perdere

340 1733 503 1807 Caesaris
520 1733 662 1806 offenso
681 1732 833 1806 numine
847 1732 984 1828 dignus
1002 1755 1116 1806 eram.
1205 1732 1337 1828 [vitam

566 2111 571 2120 ’
631 2147 877 2221 sineru
917 2147 988 2220 xr.

290 2350 412 2434 Quon
428 2359 467 2422 te
484 2348 615 2420 nescio
633 2345 718 2443 quis
737 2369 804 2444 per
817 2345 945 2444 jurgia
962 2343 1101 2420 dixerit
1118 2371 1203 2422 esse

341 2463 495 2538 Exsulis
513 2487 684 2549 uxorem,
701 2462 812 2536 litera
827 2473 965 2559 questa
982 2474 1136 2562 tuaest.
1287 2539 1289 2542 .

291 2580 454 2668 ludolui,
473 2604 548 2653 non
565 2591 643 2655 tam
660 2603 746 2653 mea
763 2578 869 2677 quod
886 2577 1037 2653 fortuna
1050 2581 1149 2654 male
1167 2581 1285 2669 audit,

340 2695 416 2780 Qui
429 2698 509 2794 jam
527 2695 706 2797 consuevi
724 2694 870 2768 fortiter
884 2718 970 2769 esse
988 2695 1122 2783 miser3

290 2811 415 2896 Quam
428 2811 530 2908 quia,
545 2813 605 2886 cui
626 2812 778 2886 minime
791 2812 939 2900 vellem,
956 2812 1027 2886 sim
1040 2836 1157 2887 causa
1170 2814 1338 2913 pudoris,

339 2927 471 3026 Teque
489 2952 571 3002 rear
589 2929 725 3002 nostris
744 2929 940 3003 erubuisse
958 2928 1081 3003 malis.
1316 2933 1338 3003 6

247 3064 250 3071 ’
290 3043 433 3130 Perfer,
453 3055 492 3118 et
508 3043 672 3118 obdura:
702 3043 819 3118 multo
837 3045 1007 3141 graviora
1024 3044 1158 3130 tulisti,

341 3159 468 3244 Quum
486 3184 547 3233 me
565 3158 754 3258 subripuit
770 3158 951 3259 principis
971 3158 1027 3232 ira
1044 3159 1126 3234 tibi.

291 3274 448 3348 Fallitur
463 3274 535 3350 iste
552 3286 692 3362 tamen,
712 3299 789 3373 quo
802 3277 934 3374 judice
952 3277 1125 3351 nominor
1143 3278 1275 3351 exsul:

238 3381 243 3390 ’
340 3391 492 3466 Mollior
509 3403 569 3467 est
586 3394 737 3492 culpam
756 3418 869 3493 poena
885 3405 1018 3469 secuta
1035 3417 1170 3468 meam.
1292 3397 1339 3466 10

291 3507 461 3583 Maxima
473 3510 687 3607 poenamihi
703 3510 908 3609 est,ipsum
919 3509 1140 3598 offendisse;
1159 3509 1339 3609 priusque

340 3623 518 3700 Venisset
535 3627 686 3700 mallem
704 3626 844 3700 funeris
862 3627 955 3700 hora
971 3625 1075 3700 mihi.

322 3856 448 3907 ⁴5.Grori
464 3859 527 3907 sidus
540 3861 653 3924 habenti]
671 3859 729 3909 he.
746 3861 788 3926 qui
872 3860 913 3909 60.
931 3857 1058 3922 Forsitan]
1083 3857 1123 3906 Nc
1143 3857 1251 3906 absolute
1270 3855 1340 3904 adhr-

290 3929 436 3980 taminfelici
443 3931 520 3982 sidera
527 3941 665 3984 natussum.
676 3935 790 3984 Hlarus.
840 3933 928 3982 mando
939 3933 1060 3983 carmem
1077 3929 1191 3988 offendat,
1207 3939 1232 3979 et
1247 3929 1339 3996 injusti·

323 4005 537 4056 raucissimhoe
547 4006 726 4060 distichouesse
733 4025 789 4075 spu-
839 4006 879 4055 tin
890 4013 1013 4072 coarguat.
1035 4007 1116 4056 Pour.

291 4076 350 4125 rium
370 4076 487 4128 immerito
501 4089 586 4146 putat3
603 4081 648 4131 hoc
667 4082 731 4131 euim
747 4081 789 4132 de·

290 4149 347 4208 ¹²1⁰,
364 4151 423 4201 nihil
437 4162 508 4210 esset,
523 4154 588 4218 quod
602 4154 701 4204 referres
718 4155 788 4214 illud,
874 4157 896 4203 l.
915 4153 997 4204 Nescio
1013 4150 1083 4216 quia]
1105 4150 1145 4199 Sic
1163 4165 1206 4214 per
1220 4156 1341 4213 contemp-

290 4234 388 4288 utraqus
398 4243 474 4288 pono,
487 4244 541 4293 que
560 4227 664 4294 respicit,
682 4238 707 4279 et
725 4230 790 4295 quod
840 4236 890 4276 tum
903 4225 1047 4291 quandoque
1064 4223 1129 4288 loqui
1145 4221 1257 4278 solemus,
1268 4237 1341 4284 quum

291 4308 372 4348 careat
391 4298 481 4358 amicis,
500 4311 524 4351 et
544 4302 607 4367 quod
626 4319 672 4352 non
693 4303 790 4353 meliore
840 4299 964 4364 indignum
983 4313 1055 4365 quern
1073 4295 1217 4345 estimenrus
1235 4293 1340 4343 nomina-

291 4373 343 4421 loco
352 4373 420 4422 exsul
431 4373 504 4423 vivat.
527 4375 640 4425 llrnrrr.
840 4390 902 4424 mus.

323 4448 365 4495 49.
380 4448 483 4511 Utroque
497 4466 563 4510 pono
578 4451 677 4514 grava]
701 4452 733 4499 Et
748 4467 790 4500 ca·
875 4450 913 4497 ll.
933 4447 1032 4510 iprum]
1059 4445 1101 4492 hle
1119 4441 1244 4492 offendisse
1261 4441 1341 4492 Casa-

290 4535 341 4568 rere
357 4520 449 4570 scilicet
466 4522 594 4572 amicorum
611 4526 791 4582 cousuetudine,
841 4537 898 4572 rem.

290 4602 316 4642 et
325 4593 350 4642 iu
359 4594 461 4658 Scythia
472 4595 559 4645 vivere.

323 4667 399 4717 vol.
417 4669 452 4717 11.
940 4667 956 4714 Ζ
