3609 5967
488 763 555 830 372
779 760 822 826 P.
847 759 1010 826 OVIDII
1035 758 1247 826 NASONIS

491 936 618 1011 Firma
634 936 685 1010 sit
703 936 767 1009 illa
784 935 886 1022 licet,
908 936 1074 1010 solvetur
1092 935 1130 1008 in
1152 958 1305 1033 aequore
1322 937 1440 1023 navis,

540 1051 635 1137 Quae
654 1076 847 1151 nunquam
866 1052 1021 1150 liquidis
1039 1054 1144 1127 sicca
1159 1053 1444 1151 carebitgaquis.

492 1167 558 1242 Me
575 1193 728 1267 quoque
746 1170 920 1244 debilitat
936 1169 1053 1242 series
1071 1169 1256 1243 immensa
1272 1170 1469 1256 malorum,

541 1283 642 1359 Ante
660 1309 787 1360 meum
804 1296 956 1383 tempus
973 1284 1076 1382 cogit
1093 1295 1132 1358 et
1149 1309 1235 1359 esse
1254 1308 1396 1360 senem.
1491 1292 1542 1359 20

493 1400 582 1474 Otia
599 1425 737 1501 corpus
755 1402 882 1488 alunt3
904 1398 1051 1472 animus
1067 1421 1226 1498 ‘quoque
1245 1400 1413 1499 pascitur
1430 1401 1526 1475 illis:

543 1516 774 1591 Immodicus
791 1526 923 1591 contra
939 1500 1060 1615 carpit
1078 1524 1282 1613 utrumque
1299 1509 1417 1591 labor.

492 1632 673 1732 Adspice,
689 1635 726 1706 in
744 1634 812 1708 has
830 1645 957 1733 partes
975 1633 1078 1731 quod
1096 1633 1241 1707 venerit
1258 1633 1398 1708 AEsone
1416 1643 1538 1719 natus,

543 1748 668 1834 Quam
685 1750 836 1824 laudem
855 1774 877 1824 a
895 1774 980 1823 sera
996 1749 1217 1848 posteritate
1235 1747 1342 1823 serat.

493 1864 546 1939 At
562 1866 669 1939 labor
685 1866 786 1940 illius
803 1863 936 1939 nostro'
950 1865 1141 1962 leviorque
1159 1864 1371 1962 minorque,
1491 1869 1539 1937 25

545 1981 585 2054 Si
604 1983 718 2057 modo
736 2007 810 2057 non
828 2006 959 2058 verum
976 1981 1130 2055 nomina
1147 2004 1284 2078 magna
1301 1991 1490 2079 premunt.

495 2096 564 2171 Ille
581 2109 641 2172 est
659 2098 696 2172 in
715 2098 895 2185 Pontum,
913 2098 1021 2173 Pelia
1037 2098 1223 2185 mittente,
1242 2096 1447 2195 profectus,

544 2212 620 2298 Qui
637 2213 701 2288 vix
718 2212 926 2289 Thessaliae
943 2215 1018 2290 fine
1035 2214 1226 2290 timendus
1243 2205 1347 2303 erat;

495 2329 658 2403 Caesaris
676 2329 731 2404 ira
748 2330 841 2405 mihi
859 2333 1000 2419 nocuit,
1020 2354 1136 2430 quem
1156 2330 1256 2403 Solis
1274 2332 1323 2403 ab
1340 2341 1425 2403 ortu

545 2446 646 2520 Solis
664 2448 712 2520 ad
730 2471 888 2522 occasus
907 2461 1066 2547 utraque
1085 2459 1186 2524 terra
1202 2446 1341 2520 tremit.
1492 2449 1541 2518 30

493 2562 517 2635 J
521 2563 667 2636 unctior
678 2561 878 2638 Haemonia
887 2576 947 2639 est
958 2566 1093 2652 Ponto,
1107 2587 1221 2662 quam
1233 2562 1357 2636 Roma
1370 2562 1540 2649 sinistro;

546 2677 596 2752 Et
613 2679 775 2766 brevius,
794 2704 910 2778 quam
928 2705 1008 2767 nos,
1028 2680 1091 2754 ille
1110 2678 1256 2779 peregit
1274 2678 1357 2753 iter.

496 2792 567 2867 Ille
584 2793 718 2870 habuit
735 2797 907 2883 comites,
927 2798 1068 2897 primos
1085 2796 1230 2870 telluris
1248 2794 1424 2872 Achivae:

543 2908 596 2984 At
613 2901 779 2985 nostram
797 2913 925 2986 cuncti
940 2912 1148 2987 destituere
1167 2910 1316 3008 fugam3
1358 2966 1360 2970 -

495 3023 577 3099 Nos
594 3024 715 3123 fragili
733 3037 881 3102 vastum
898 3027 1002 3125 ligno
1020 3027 1248 3102 sulcavimus
1265 3048 1416 3121 aequor:
1492 3028 1552 3098 35

544 3138 639 3225 Quae
657 3140 746 3215 tulit
762 3141 982 3230 AEsoniden‚
1001 3142 1110 3217 firma
1126 3141 1255 3217 carina
1270 3140 1362 3229 fuit3

495 3253 577 3330 Nec
595 3254 742 3356 Tiphys
760 3258 851 3331 mihi
869 3269 994 3333 rector
1011 3270 1112 3349 erat;
1137 3282 1207 3332 nec
1222 3255 1397 3354 Agenore
1415 3266 1525 3329 natus

544 3369 650 3456 Quas
668 3398 861 3472 sequerer,
879 3374 1022 3463 docuit,
1039 3399 1135 3473 quas
1151 3370 1522 3471 sugeremque,vias;

492 3573 579 3622 genere
596 3558 627 3607 de
647 3558 757 3608 omnibus
776 3562 926 3626 equestribus
942 3576 993 3610 eer-
1076 3561 1117 3610 30.
1130 3559 1233 3622 Utraque
1243 3557 1329 3621 una]
1343 3553 1541 3606 Termetoricnti

493 3631 692 3698 luminibusque
701 3632 725 3682 in
737 3633 808 3684 Circo
819 3634 869 3684 fleri
876 3635 993 3692 solebant,
1042 3641 1068 3683 et
1077 3630 1174 3682 occasui
1184 3631 1320 3697 subjacens.

493 3705 683 3770 intelligendum.
709 3708 806 3756 Mrcra.
1076 3705 1427 3770 31.Junctior.]lmtiorpro
1438 3704 1542 3761 vicinior,

527 3781 565 3827 ra
586 3781 643 3834 Qus
667 3798 786 3844 nunquam
807 3783 923 3846 liquidis]
951 3783 994 3831 Est
1042 3781 1163 3845 eleganter
1173 3787 1198 3829 et
1209 3778 1304 3828 latine.
1327 3777 1542 3828 Amnum*

493 3860 573 3900 sotem
596 3852 655 3900 ordo
680 3853 819 3902 verborum:
847 3856 916 3904 navis
941 3855 993 3911 ille,
1043 3853 1113 3912 salia,
1125 3853 1188 3903 unde
1198 3852 1271 3902 solvit
1279 3854 1362 3903 lason.
1391 3853 1472 3900 Ponto.
1485 3851 1542 3902 cd·

493 3924 645 3989 quantumvis
656 3924 731 3983 finnt,
739 3927 845 3976 solvetur
855 3927 880 3975 in
889 3944 993 3992 equore,
1042 3928 1116 3986 chidi,
1134 3944 1188 3994 que
1208 3927 1284 3976 Ponto
1302 3927 1404 3993 adjacet.
1437 3928 1543 3976 Sinistra.

492 4014 547 4064 qua
568 4013 692 4063 nunquam
715 3998 806 4048 carebit
826 4000 906 4066 aquis,
927 4002 994 4052 sicce
1043 4002 1117 4052 Multi
1127 4002 1234 4051 citime.
1256 4002 1354 4050 sinister
1364 4002 1466 4050 erlem
1479 4001 1541 4049 Pou-

492 4073 554 4138 ipsa.
566 4071 722 4122 dveinricco
732 4073 856 4123 exsistens.
880 4075 977 4125 Mrem.
1044 4087 1081 4125 rus
1090 4074 1420 4142 pessimiubisetl’ristium
1430 4074 1503 4124 libris.

524 4146 755 4209 26.Sinodcnou.]
773 4147 799 4196 Si
812 4147 891 4206 modo,
906 4148 993 4214 inquit,
1075 4152 1116 4200 ³³.
1137 4149 1247 4212 Prim]
1271 4147 1400 4198 Primerioe
1419 4147 1541 4197 homines:

492 4230 560 4285 gesta
579 4219 682 4287 ancujus
698 4219 757 4270 cleri
774 4220 818 4269 viri
838 4238 884 4271 non
901 4238 993 4288 prepo-
1043 4223 1167 4273 Castorem
1183 4222 1284 4280 scilicet,
1299 4229 1324 4272 et
1339 4222 1470 4279 Pollucem,
1480 4222 1542 4271 Ber·

494 4302 580 4344 nentur
590 4293 659 4344 neu·
674 4293 776 4343 bominis
786 4294 841 4343 vilis
854 4305 878 4345 et
889 4296 990 4361 abjecti:
1043 4298 1130 4355 colem
1148 4297 1216 4354 elios,
1231 4312 1292 4362 quos
1301 4295 1384 4345 Valet.
1400 4295 1466 4345 Piae.
1481 4311 1540 4346 euu-

493 4369 562 4435 quui
573 4369 678 4427 dictari
693 4368 762 4419 ruodo
779 4385 826 4419 uon
838 4370 939 4420 voluerit
949 4371 993 4420 ali·
1044 4370 1153 4420 mentiri
1164 4369 1224 4419 libro
1234 4371 1250 4418 i.

493 4442 548 4507 quis
561 4442 760 4495 leoomsmnis
769 4442 992 4511 moiepmpnnem
1075 4445 1116 4493 ³7.
1135 4443 1183 4492 Nee
1199 4444 1325 4509 Ageana]
1349 4440 1468 4507 Intelligit
1486 4442 1543 4491 Plri-

492 4526 617 4582 propteree
626 4517 690 4583 quod
706 4516 801 4583 majoris
814 4527 850 4566 est
864 4517 991 4568 mctoriu·
1043 4533 1114 4568 neum
1132 4527 1212 4584 pocta,
1227 4516 1268 4583 qui
1288 4516 1370 4568 Juoui
1384 4515 1455 4572 rim,
1469 4532 1541 4581 quam

492 4587 531 4642 th.
542 4605 614 4654 qum
625 4606 679 4655 ego.
1042 4600 1186 4656 sequeretur,
1205 4589 1329 4646 indicavit,
1352 4600 1377 4639 et
1398 4605 1446 4654 quo
1469 4599 1541 4655 poeto
