3609 5967
472 772 538 839 522
772 768 812 835 Ρ.
836 755 1000 834 ovibu
1024 767 1239 835 NASONIS

473 944 524 1021 Et
540 967 627 1019 mea
645 941 759 1019 Musa
777 953 917 1043 potest,
935 942 1088 1043 proprio
1105 944 1296 1041 deprensa
1310 945 1463 1028 colore·

524 1058 689 1157 Insignis
706 1059 807 1135 vitiis
824 1058 982 1135 forsitan
997 1082 1085 1134 esse
1101 1059 1194 1133 suis.

471 1176 566 1251 Tam
584 1174 684 1251 mala
697 1174 896 1249 Thersiten
914 1175 1141 1272 prohibebat
1157 1174 1278 1249 forma
1294 1176 1424 1261 latere,
1486 1180 1530 1249 15

522 1290 646 1377 Quam
665 1278 824 1390 pulchra
842 1288 983 1364 Nireus
1000 1288 1295 1389 conspiciendus
1313 1302 1405 1366 erat.

473 1406 509 1481 N
512 1430 555 1481 ec
573 1417 612 1481 te
627 1406 766 1493 mirari,
786 1403 819 1479 si
837 1404 914 1479 sint
930 1404 1077 1492 vitiosa.
1096 1406 1251 1481 decebit

522 1522 714 1610 Carmina,
733 1546 820 1621 quas
838 1521 975 1597 faciam
992 1546 1101 1621 paene
1118 1532 1233 1621 poeta
1250 1522 1384 1596 Getes.

471 1638 532 1713 Ab
551 1638 689 1739 pudetl
717 1648 757 1712 et
775 1636 913 1713 Getico
931 1637 1067 1737 scripsi
1084 1662 1259 1713 sermone
1277 1638 1465 1723 libellum,

524 1755 754 1852 Struetaque
767 1766 857 1827 sunt
870 1754 1008 1827 nostris
1021 1756 1184 1830 barbara
1192 1756 1308 1831 verba
1322 1755 1458 1828 modis.
1479 1758 1530 1825 20

472 1868 524 1945 Et
541 1871 681 1970 placui,
700 1883 848 1969 gratare
867 1871 974 1980 mihi,
994 1870 1171 1970 coepique
1190 1882 1312 1970 poetoe

523 1986 628 2062 Inter
645 1986 870 2063 inhumanos
889 2009 1027 2063 nomen
1045 1987 1186 2061 habere
1205 1987 1339 2061 Getas.

473 2100 675 2177 Materiam
693 2102 856 2201 quoerisl
884 2102 1015 2177 laudes
1032 2103 1081 2177 de
1100 2102 1254 2180 Caesare
1271 2102 1374 2177 dixi:

375 2312 382 2325 ἱ
522 2216 667 2316 Adjuta
683 2228 743 2293 est
759 2220 907 2293 novitas
924 2218 1079 2293 numine
1097 2228 1227 2291 nostra
1245 2217 1332 2292 Dei.

475 2332 575 2409 Nam
593 2333 710 2433 patris
724 2333 887 2431 Augusti
900 2335 1014 2409 docui
1032 2336 1191 2411 mortale
1208 2333 1326 2409 fuisse
1477 2336 1528 2404 25

523 2450 695 2549 Corpus;
725 2450 764 2523 in
782 2450 957 2526 aetherias
974 2474 1117 2527 numen
1134 2452 1260 2527 abisse
1276 2451 1431 2524 domos:

473 2564 571 2643 Esse
589 2588 720 2665 parem
732 2566 870 2642 virtute
888 2568 1000 2667 patri,
1015 2568 1082 2667 qui
1099 2568 1215 2643 barna
1231 2577 1387 2641 coaetus

527 2682 639 2781 Saepe
657 2683 819 2758 recusati
839 2685 985 2782 ceperit
1002 2684 1172 2784 imperii:

472 2986 555 3050 dignas
578 2984 695 3034 Nouimus.
735 2988 803 3045 Quas
824 2988 977 3053 eognovimus
1058 2990 1099 3037 24.
1118 2987 1204 3036 Nostris
1219 2985 1330 3049 nouitas]
1355 2984 1471 3033 Nostrum
1488 2998 1532 3030 no·

473 3074 524 3109 asse
541 3058 627 3123 dignm
643 3074 672 3109 so
688 3060 747 3117 viro,
763 3060 832 3127 eujus
852 3062 936 3113 laudes
952 3073 978 3113 et
1028 3078 1083 3111 vum
1091 3061 1209 3111 scribendi
1219 3076 1308 3125 genus:
1328 3058 1373 3107 boc
1384 3072 1472 3123 genere
1480 3072 1531 3105 ser-

473 3139 542 3197 gests
552 3131 673 3183 describis.
1026 3138 1110 3185 monis.
1127 3136 1230 3185 Numine
1241 3136 1295 3183 Dei.
1312 3132 1419 3181 Numine
1429 3131 1532 3180 Gmris

509 3206 547 3255 1³.
566 3206 596 3255 Et
611 3222 660 3255 mss
677 3208 745 3256 Musa
760 3208 853 3272 potest]
869 3208 938 3257 Sicut
950 3215 977 3257 tu
1027 3210 1138 3275 Augusti.
1149 3210 1220 3258 Mra.
1232 3210 1322 3271 Adjuts
1331 3207 1425 3263 satire.
1441 3204 1472 3253 In
1482 3205 1529 3255 bot

474 3279 623 3346 eognoseesis
633 3280 746 3331 carminis
756 3278 934 3345 magnitudin03
943 3281 978 3330 ita
1027 3299 1088 3333 novo
1097 3284 1177 3333 labore
1187 3298 1241 3331 meo
1251 3282 1298 3331 luit
1308 3280 1366 3329 mibi
1377 3295 1466 3329 numen
1476 3279 1531 3328 Ce-

473 3362 499 3416 et
511 3369 556 3419 ego
566 3370 662 3421 possum
672 3356 781 3420 cognosci
794 3354 889 3422 propris
898 3354 977 3419 qusli·
1027 3359 1086 3408 ssris
1096 3374 1138 3425 pro
1147 3357 1260 3424 Apolline
1270 3366 1296 3407 et
1305 3356 1423 3420 culiops
1439 3354 1520 3403 Pons.

473 3435 524 3478 tsts
544 3427 664 3486 carminis,
681 3428 777 3479 obnoxii
798 3426 880 3477 multis
900 3427 977 3487 vitiis3
1061 3434 1102 3483 25.
1120 3434 1200 3481 Putris
1213 3429 1336 3497 Augusti-J
1353 3428 1459 3494 Augusti
1474 3426 1529 3477 Cn-

474 3502 512 3553 rsl
523 3502 570 3553 mei
580 3502 660 3553 luctus
669 3502 766 3552 iudicio.
1027 3507 1095 3563 saris,
1104 3505 1178 3573 patris
1187 3504 1281 3571 pstrisr.

510 3577 547 3627 16.
565 3576 641 3633 Quam
649 3578 747 3641 puiebru
762 3576 870 3640 Nireus]
889 3575 978 3626 Nireus
1060 3580 1101 3629 26.
1119 3577 1231 3642 Nasica]
1247 3577 1360 3627 Animam
1367 3570 1531 3640 AnguitiCo·

474 3650 591 3719 Charopis
613 3651 676 3701 filius
700 3650 746 3701 luit
769 3660 794 3700 et
815 3650 925 3716 Aglaies,
947 3668 976 3701 es
1009 3644 1212 3705 'ssrisdebmcti

474 3724 545 3789 Syme
556 3724 778 3776 insulsadbellum
787 3724 977 3791 Trojannmpro·
1060 3728 1101 3775 27.
1122 3727 1172 3776 Esse
1185 3742 1263 3789 pareus
1276 3729 1366 3774 uirtute
1374 3724 1459 3787 patri]
1478 3724 1531 3772 Do-

399 3830 402 3837 ·
474 3798 560 3848 lectus.
592 3800 670 3857 Quem
679 3799 784 3849 omnium
792 3798 978 3864 pulcherrimum
1027 3800 1067 3850 eui
1076 3798 1158 3856 etism,
1169 3800 1256 3847 virtute
1267 3814 1315 3849 non
1331 3796 1464 3846 inferiorern
1478 3812 1531 3847 esse

475 3870 546 3921 fuisse
557 3871 641 3919 scribit
653 3872 779 3929 Homerus,
790 3872 832 3921 lib.
842 3872 868 3920 ii.
880 3871 978 3920 Iliados.
1027 3874 1148 3925 Tiberium
1160 3874 1221 3939 patri
1231 3871 1321 3927 caari
1331 3871 1449 3935 Augusto.
1484 3870 1532 3924 Qtu'

510 3945 549 3992 lu.
566 3944 726 4009 Quassatam
735 3954 874 4008 pomposia
885 3945 977 4009 Getes]
1019 3947 1102 4013 fresa
1113 3956 1215 4012 rogetus.
1238 3945 1287 4005 Qui
1296 3942 1530 3994 Tiberiusdiussm·

474 4020 535 4077 Quas
551 4032 597 4082 ego
612 4016 680 4083 qussi
696 4028 767 4084 poets
782 4020 896 4069 barbarus
913 4035 977 4069 oom-
1028 4036 1093 4069 mam
1102 4020 1195 4087 imperii
1204 4021 1369 4077 recusavit‚ut
1379 4018 1530 4067 docet'l'san·

474 4106 551 4157 pono:
569 4106 624 4141 nsm
639 4091 722 4157 lingua
733 4092 820 4143 Getica
836 4108 899 4142 nunc
913 4094 977 4160 cmpi
1028 4094 1127 4159 quillus.
1152 4094 1346 4161 Fraessrogutus.
1364 4094 1530 4159 Coactusprse·

475 4165 582 4215 earmina
592 4180 739 4232 oomponsre.
1027 4177 1076 4218 stat
1092 4184 1148 4221 eum
1163 4170 1246 4219 oodiee
1259 4169 1375 4235 Scaligeri
1382 4187 1390 4229 5
1405 4167 1533 4217 Suetonius

511 4242 549 4289 19.
573 4240 653 4291 Getico
672 4256 780 4297 umus,
797 4240 863 4305 &nl
883 4240 977 4306 Lingua
1027 4240 1059 4292 de
1075 4243 1185 4293 'liberios
1205 4245 1306 4293 Tasslrrs
1322 4246 1394 4308 quusi.
1402 4254 1493 4292 rosetus
1508 4254 1532 4291 et

475 4313 596 4379 Scythica.
1027 4334 1123 4379 puerssss
1142 4321 1247 4367 ssimass
1266 4329 1289 4367 et
1314 4335 1429 4367 ossernssss
1443 4320 1534 4381 ⁴issspussi

507 4390 548 4437 20.
566 4388 626 4437 Sunt
641 4388 751 4452 sineris]
764 4390 825 4437 Sunt
839 4389 976 4455 conposita.
1027 4394 1071 4441 sibi
1106 4397 1246 4451 servitutes,
1284 4398 1370 4455 mspit
1400 4396 1531 4454 imperim.

477 4460 568 4511 Nostris
578 4464 655 4512 modis.
673 4462 785 4513 Numeris
793 4464 880 4528 quibus
891 4464 979 4514 utimur
1028 4466 1137 4515 Adestur
1158 4468 1230 4517 etism
1251 4468 1349 4517 Tacitus
1369 4466 1500 4515 Annslium
1516 4466 1534 4514 i.

476 4534 502 4583 iu
510 4534 655 4585 carminibus
663 4536 761 4585 latinis.
791 4536 979 4586 Burburumrbs.
1030 4542 1132 4603 Herus!

478 4608 559 4659 verbs
569 4608 662 4659 Getica.
