3609 5967
479 809 714 878 rrusrruru
737 809 829 875 mn.
853 808 896 874 ν.
921 807 1059 897 nuno,
1083 806 1168 873 vrr.
1284 807 1351 874 aer

297 983 370 1059 His
388 985 455 1083 qui
472 996 673 1060 contentus
691 1008 767 1058 non
786 994 857 1069 est,
877 982 917 1055 in
934 981 1025 1057 litus
1042 1004 1188 1068 arenas,

347 1099 393 1173 In
411 1111 580 1198 segetem
598 1101 736 1200 spicas,
756 1101 795 1174 iu
813 1125 916 1175 mare
933 1099 1068 1173 fundat
1085 1121 1218 1196 aquas.

298 1214 593 1316 Intempestivos
612 1217 726 1315 igitur
743 1240 948 1316 compesce
965 1213 1133 1302 timores,
1301 1216 1350 1288 45

346 1330 444 1406 Veia
460 1357 531 1408 nee
550 1328 588 1408 in
607 1335 732 1408 medio
751 1336 885 1411 desere
903 1343 1033 1407 nostra
1049 1331 1155 1409 mari.

637 1829 886 1907 ELEGIA
924 1831 1015 1907 VII.

302 2038 433 2123 Qunru
453 2038 561 2135 legis,
579 2046 629 2111 'ex
647 2037 712 2110 ilia
729 2034 798 2110 tibi
817 2035 920 2110 vonit
937 2035 1099 2134 epistola
1116 2049 1227 2124 terra,

353 2150 468 2227 Latus
485 2153 549 2227 ubi
567 2152 753 2250 aequoreis
772 2150 924 2226 additur
942 2151 1041 2226 Ister
1058 2154 1192 2251 aquis:

304 2269 346 2344 Si
364 2270 433 2345 tibi
451 2269 637 2366 contingit
653 2293 741 2343 curn
758 2268 861 2343 dulci
878 2268 957 2341 vita
974 2270 1109 2357 salute,

355 2385 531 2459 Candida
547 2384 707 2458 fortunoe
724 2408 813 2483 pars
831 2394 960 2459 manet
977 2407 1054 2459 una
1066 2408 1174 2459 meae.

203 2564 205 2569 ,
305 2500 475 2588 Scilicet,
488 2510 531 2573 ut
547 2522 710 2598 semper,
727 2499 820 2597 quid
837 2523 961 2596 agam,
976 2499 1183 2588 carissime,
1195 2500 1355 2599 quoeris3

357 2615 541 2700 Quamvis
555 2615 628 2687 hoc
643 2615 702 2689 vel
721 2639 781 2689 me
798 2615 895 2691 scire
914 2627 1064 2691 tacente
1080 2628 1204 2717 potes.
1334 2622 1357 2691 6

306 2733 401 2806 Sum
413 2731 528 2806 miser
539 2756 548 2805 ε
561 2731 645 2804 haec
656 2731 781 2805 brevis
792 2742 851 2807 est
861 2743 1073 2806 nostrorum
1084 2757 1232 2807 summa
1241 2734 1357 2808 malo·

356 2847 542 2945 Quisquis
561 2857 601 2921 et
617 2845 763 2922 offenso
782 2848 936 2922 Caesare
954 2849 1065 2935 vivet,
1084 2847 1169 2923 erit.
1235 2850 1357 2945 [rumz
1400 2850 1403 2859 '

304 2962 434 3037 Turba
446 2961 655 3038 Tomitanae
674 2987 762 3061 quoe
780 2963 830 3037 sit
848 2944 1026 3061 regionis,
1045 2976 1084 3040 et
1102 2967 1198 3041 inter

355 3077 462 3163 Quos
480 3077 649 3152 habitem
667 3101 804 3165 mores,
819 3078 967 3155 discere
985 3104 1076 3155 cura
1092 3081 1160 3154 tibi
1178 3082 1264 3155 est?
1312 3086 1357 3154 10

308 3192 427 3268 Mista
438 3194 490 3276 sit
507 3193 589 3266 hoec
608 3192 782 3290 quamvis
800 3193 899 3270 inter
918 3194 1133 3294 Graiosque
1147 3195 1357 3295 Getasque,

356 3310 392 3383 A
410 3311 511 3386 male
529 3309 677 3409 pacatis
695 3310 781 3408 plus
798 3312 916 3386 trahit
933 3336 999 3387 ora
1016 3311 1140 3385 Getis.

309 3426 529 3501 Sarmaticos
547 3427 668 3523 major
686 3426 911 3527 Geticaeque
928 3426 1144 3526 frequentia
1160 3428 1283 3524 gentis

357 3541 433 3617 Per
450 3541 594 3619 medias
612 3543 652 3616 in
670 3542 780 3641 equis
798 3543 906 3641 itque
923 3543 1097 3641 reditque
1115 3543 1217 3618 vias:

309 3657 354 3731 ln
368 3658 507 3756 quibus
521 3669 581 3733 est
594 3683 717 3746 nemo,
730 3658 797 3757 qui
811 3680 885 3733 non
899 3671 1071 3760 coryton,
1082 3669 1123 3734 et
1137 3683 1280 3744 arcum,
1314 3662 1359 3730 15

359 3774 530 3879 Telaque
546 3774 699 3876 vipereo
716 3776 840 3850 lurida
856 3775 945 3852 felle
964 3788 1082 3874 gerat.

309 3989 386 4056 ieprin
405 3990 441 4039 ita
456 3991 593 4040 oefibebent
610 4000 719 4042 veteres:
736 3992 813 4043 etita
863 3993 964 4060 quisque
967 3994 1141 4060 sorciacum
1165 3990 1277 4041 Hunni.

309 4074 375 4113 reete
386 4064 468 4131 prim
479 4064 537 4115 edd.
547 4074 572 4115 et
588 4066 658 4114 inuiti
669 4082 699 4114 ex
710 4066 813 4133 seriptis.
895 4070 921 4117 2.
929 4067 989 4118 Inter
998 4066 1100 4131 adirem]
1114 4065 1162 4116 Sed
1175 4082 1249 4132 quum
1258 4066 1320 4115 liter
1330 4064 1364 4113 ibi

311 4140 389 4189 Pnre
405 4139 478 4205 igitur
491 4140 533 4190 uit
547 4141 665 4191 dederunt
681 4144 814 4193 circumstat
863 4158 889 4192 te
906 4150 1019 4193 exoneret
1033 4141 1058 4190 in
1075 4142 1209 4198 Oceanum,
1225 4143 1254 4190 τὸ
1268 4142 1366 4188 additur

311 4224 354 4265 eut
363 4219 502 4265 mundat.
527 4217 626 4266 stituit.
636 4218 663 4266 b.
675 4215 749 4267 Catii.
760 4233 814 4285 cap.
864 4215 1038 4266 admittendum
1049 4214 1107 4265 duxi
1116 4216 1201 4277 5Pont.
1208 4212 1243 4262 iii.
1250 4214 1290 4262 Ei.
1298 4229 1321 4261 v.
1331 4213 1363 4260 2:

312 4290 354 4337 ⁴³.
367 4289 399 4338 ab
417 4288 470 4338 init.
503 4289 617 4339 laentuiut
634 4307 686 4339 cunr
701 4293 815 4340 tuerit-
897 4289 944 4339 Hir
959 4291 999 4339 uu
1018 4291 1122 4340 ceruleis
1132 4289 1251 4353 jungitur
1267 4283 1365 4334 ittera·

312 4365 489 4419 minuunt,
508 4366 663 4414 oti-cetera
690 4367 816 4415 eruititudo
929 4367 990 4430 puis.
1242 4361 1333 4410 Herus.

313 4439 482 4498 conjurationis
505 4454 572 4486 ruem
590 4441 682 4503 quisque
700 4441 817 4506 negotium
902 4439 940 4487 ll.
967 4436 1034 4486 Inter
1056 4433 1203 4499 Graiaque]
1228 4433 1366 4483 Graecorum

313 4520 487 4573 monne
503 4512 544 4562 ubi
563 4512 618 4562 ride
640 4513 756 4571 Cortium,
774 4513 816 4578 qni
866 4510 931 4562 euim
939 4509 1194 4561 colonitiuit'l'omur.

313 4584 438 4633 commode
449 4584 533 4634 laudnt
543 4586 628 4635 Silium
639 4586 694 4636 Ital.
704 4585 752 4635 xvi.
760 4586 818 4635 46⁴.
901 4587 943 4635 1⁶.
959 4582 1083 4647 Corum]
1101 4582 1144 4632 Gr.
1153 4584 1263 4648 γωρυτὸς
1275 4582 1367 4650 proprie

316 4650 398 4706 fitero
408 4662 508 4708 contenti
519 4658 644 4711 discedem
654 4661 819 4710 turbaduoiut
869 4665 909 4708 est
920 4671 989 4707 erens
1002 4656 1082 4713 thece,
1092 4654 1179 4705 dieitur
1193 4664 1273 4707 tamen
1289 4664 1367 4707 etwa-
