3609 5967
485 706 529 792 oo
778 722 818 788 P.
841 719 1238 789 ovmnursours

488 899 581 986 Quae
597 897 704 972 vobis
722 894 865 983 dicunt,
884 895 1063 970 dixerunt
1078 893 1181 968 mille
1198 895 1347 995 puellis.
1454 900 1529 972 436

539 1012 661 1100 Errat,
681 1023 720 1088 et
737 1014 776 1086 in
793 1012 896 1085 nulla
914 1010 1005 1085 sede
1022 1018 1188 1083 moratur
1204 1034 1320 1085 amor.

491 1128 647 1205 Femina
663 1129 756 1227 quid
773 1128 898 1215 faciat,
919 1150 1006 1200 cum
1023 1127 1073 1200 sit
1088 1125 1143 1198 vir
1159 1125 1275 1201 levior
1292 1127 1396 1225 ipsd;

540 1245 713 1320 Forsitan
730 1256 770 1319 et
786 1246 914 1343 plures
932 1241 1053 1341 possit
1070 1242 1208 1317 habere
1221 1241 1346 1317 virosi

489 1360 565 1433 Vix
583 1360 673 1434 mihi
691 1360 875 1449 credetis3
906 1359 973 1433 sed
990 1356 1155 1431 credite:
1182 1357 1299 1456 Troja
1315 1370 1494 1445 maneret,

541 1475 748 1575 Praeceptis
767 1473 909 1548 Priami
927 1473 959 1547 si
977 1472 1073 1546 soret
1088 1495 1160 1546 usa
1175 1474 1247 1547 sui.
1456 1479 1532 1549 440

493 1592 590 1666 Sunt
605 1592 671 1691 qui
688 1590 861 1667 mendaci
879 1589 1007 1689 specie
1024 1599 1241 1686 grassentur
1256 1590 1407 1678 amoris,

541 1708 693 1805 Perque
709 1707 836 1783 aditus
854 1708 950 1782 tales
967 1706 1073 1779 luera
1089 1704 1268 1803 pudenda
1284 1718 1429 1804 petant.

493 1822 575 1898 Neo
593 1846 701 1897 coma
715 1848 782 1898 vos
799 1822 907 1898 fallat
921 1820 1069 1920 liquida
1087 1819 1314 1896 nitidissima
1329 1823 1467 1897 nardo:

543 1938 580 2011 N
582 1962 626 2014 ee
644 1938 766 2015 brevis
783 1939 822 2011 in
839 1962 953 2034 rugas
969 1936 1122 2035 cingula
1136 1960 1268 2034 pressa
1283 1962 1383 2013 suas.

494 2052 530 2126 N
533 2078 577 2129 ec
594 2064 685 2152 toga
700 2054 868 2153 decipiat
884 2054 948 2128 filo
964 2051 1207 2128 tenuissima:
1239 2076 1309 2128 nec
1326 2052 1358 2127 si
1458 2059 1534 2129 445

542 2168 716 2245 Annulus
734 2171 772 2243 in
789 2168 920 2268 digitis
937 2171 1033 2245 alter
1048 2179 1090 2243 et
1105 2169 1300 2245 alter'erit.

495 2284 667 2361 Forsitan
684 2310 733 2362 ex
751 2287 883 2361 horum
898 2310 1055 2360 numero
1073 2284 1306 2359 cultissimus
1322 2284 1387 2359 ille

545 2400 622 2474 Fur
639 2402 705 2493 sit3
735 2414 775 2477 et
791 2412 921 2477 uratur
936 2400 1053 2477 restis
1071 2424 1198 2475 amore
1214 2410 1302 2477 tuae.

496 2514 631 2591 Redde
648 2540 787 2606 meum,
807 2518 972 2592 clamant
989 2515 1160 2617 spoliata
1178 2540 1280 2614 saepe
1297 2518 1450 2616 puella:

547 2630 683 2707 Redde
700 2658 838 2721 meum,
857 2642 939 2709 toto
955 2658 1047 2708 voce
1063 2634 1203 2708 boante
1219 2632 1310 2709 foro.
1462 2640 1538 2710 450

497 2745 591 2835 Has,
610 2747 752 2836 Venus,
771 2774 793 2823 e
811 2750 977 2847 templis,
995 2748 1116 2821 multo
1132 2746 1367 2823 radiantibus
1383 2774 1486 2837 auro,

547 2861 667 2939 Lenta
683 2864 789 2939 vides
807 2864 908 2949 lites,
924 2861 1197 2962 Appiadesque
1215 2863 1319 2939 Deae.

499 2977 598 3073 Sunt
614 3003 768 3078 quoque
784 3004 859 3053 non
876 2978 994 3052 dubia
1012 2978 1187 3075 quadam
1200 2981 1303 3053 'mala
1316 2980 1470 3057 nomina
1484 2982 1537 3058 sa-

548 3093 731 3193 Deceptae
749 3118 772 3168 a
788 3094 918 3168 multis
935 3092 1076 3167 crimen
1094 3095 1255 3169 amantis
1272 3096 1424 3172 habent.
1437 3099 1536 3195 [md:

530 3302 589 3349 441.
607 3300 863 3367 ὓωωπτυνωσήι.]
884 3302 995 3353 (ἶτωκι-
1044 3309 1125 3351 mento
1141 3302 1214 3353 etim
1231 3311 1268 3352 est
1283 3303 1374 3354 dictum
1390 3305 1452 3355 illud
1466 3306 1539 3373 Sylla

498 3384 539 3423 tur
554 3374 662 3426 melitae·
677 3392 732 3426 cum
748 3376 824 3443 primi
840 3376 953 3428 editione.
970 3384 996 3425 et
1044 3374 1076 3425 de
1086 3374 1189 3435 Cesum,
1198 3377 1303 3426 Puerum
1313 3380 1376 3428 mala
1385 3378 1540 3446 praelectum

497 3458 578 3509 petum
587 3448 695 3513 sequenti
705 3466 783 3501 versu
800 3451 891 3501 Herus.
924 3451 996 3500 Grue-
1044 3450 1246 3501 csvendumeue.
1261 3453 1358 3502 Mrem..
1392 3453 1448 3503 Vid.
1459 3456 1541 3505 Ferra-

499 3524 547 3569 ran‘
556 3538 597 3588 pro
611 3520 703 3572 adulari
712 3523 814 3589 potitum
826 3524 944 3574 videretur
954 3540 996 3573 aa·
1044 3526 1113 3582 rium,
1123 3524 1166 3574 lib.
1176 3524 1212 3573 iii.
1222 3525 1253 3575 de
1264 3526 1302 3575 Re
1311 3528 1380 3577 Vest.
1390 3542 1444 3594 cup.
1452 3529 1478 3577 7.
1490 3530 1541 3595 qui,

501 3594 574 3661 tique,
585 3596 630 3647 nisi
640 3597 791 3663 precederet.
823 3599 922 3649 Duum.
1045 3608 1130 3662 prater
1146 3598 1269 3657 Ovidium,
1287 3601 1407 3651 nemiuem
1424 3606 1542 3670 cingula

533 3672 590 3719 443.
608 3670 726 3721 Necamna
736 3673 996 3739 vasallotlipuiddni-
1045 3670 1133 3721 dixisse
1150 3679 1226 3723 notat.
1259 3674 1355 3724 Servius
1374 3676 1405 3725 ad
1423 3676 1491 3743 virg.
1508 3678 1542 3730 ix,

500 3746 610 3792 lidum
630 3746 724 3810 sarda]
743 3746 796 3797 Hoc
813 3754 858 3801 eat.
875 3756 997 3812 unguento
1046 3745 1209 3796 maldam.
1219 3756 1286 3798 nont
1294 3750 1542 3815 augutmhominum

502 3816 612 3873 nardino,
622 3816 674 3867 sire
684 3818 735 3884 ipsa
747 3819 834 3869 nardus
844 3820 936 3877 foliata,
947 3819 997 3869 sive
1045 3820 1139 3885 generis
1152 3823 1258 3871 deduius
1269 3838 1329 3880 essa,
1339 3823 1478 3875 &mulium
1488 3840 1543 3875 vero

502 3890 594 3953 spicata
610 3890 693 3939 suerit:
720 3893 756 3942 his
780 3894 844 3942 enim
864 3894 999 3944 nominibus
1046 3894 1161 3944 feminino
1178 3912 1266 3961 genere
1288 3896 1345 3955 dici,
1366 3899 1407 3947 los
1429 3901 1544 3964 eingulm.

503 3962 567 4029 apud
580 3963 684 4013 Plinium
693 3965 852 4032 distinguitur.
884 3968 982 4017 Mrem..
1047 3967 1135 4018 Banu.

536 4037 592 4085 444.
611 4037 659 4086 Nee
676 4040 747 4089 breuis
767 4044 793 4089 ia
812 4058 884 4107 mgna
903 4044 999 4107 cingola
1080 4044 1139 4093 ⁴52.
1156 4045 1309 4108 Appiadesque
1320 4045 1394 4110 Dm]
1413 4047 1544 4099 Νικίου]

502 4128 577 4175 prem
586 4111 658 4175 suaa]
679 4113 999 4179 cingnumlmmhieex·
1048 4133 1096 4167 non
1115 4133 1157 4184 per
1175 4117 1297 4185 Appiades
1318 4119 1392 4176 Deus,
1409 4120 1544 4186 Nymphon,

504 4193 602 4250 ponunt,
621 4201 674 4250 qun
692 4195 783 4236 vestem
800 4186 875 4253 ipsam
893 4199 958 4238 arete
974 4206 1000 4239 a·
1049 4207 1149 4256 quarum
1168 4200 1254 4241 statne
1273 4193 1305 4242 ad
1326 4193 1420 4257 Aquam
1438 4194 1544 4259 Appiam

503 4257 610 4323 stringat,
627 4258 753 4325 pluresque
771 4276 842 4325 rugas
857 4262 908 4311 siva
925 4262 1002 4329 plicas
1049 4264 1131 4330 positar
1138 4265 1544 4331 maiatelligutadiontesenim

504 4330 586 4381 saciat.
604 4340 630 4381 ut
640 4332 671 4383 sit
680 4335 784 4398 angula
795 4350 849 4399 quar
859 4334 920 4384 alias
927 4351 999 4401 equo-
1049 4346 1074 4387 et
1081 4353 1196 4403 aquarum
1203 4338 1289 4389 duetus
1296 4348 1380 4389 statuo
1388 4342 1546 4405 ponebantur.

503 4420 557 4453 rum
575 4422 604 4457 ae
618 4407 778 4473 jumentorum
795 4408 886 4474 proprie
900 4417 946 4467 est,
958 4426 1001 4476 pro
1049 4411 1138 4460 Bou.

504 4481 598 4544 unqua
606 4479 656 4531 sive
666 4480 748 4531 cineta
757 4480 842 4548 posita.
862 4482 948 4533 Solitos
957 4498 1000 4534 au·
1082 4486 1138 4536 ⁴5³.
1155 4486 1216 4535 Sunt
1224 4504 1310 4551 quoque
1323 4504 1369 4535 aaa
1381 4488 1474 4552 dubim]
1499 4488 1546 4539 Lo·
1662 4508 1668 4521 ·

507 4560 555 4603 tem
581 4554 645 4620 cingi
665 4554 786 4607 &manos
807 4564 906 4616 veteres,
932 4574 1000 4625 argu-
1050 4576 1093 4611 cus
1111 4559 1244 4618 intricetur,
1262 4570 1288 4611 et
1307 4562 1377 4628 eujus
1394 4578 1490 4613 amum
1506 4560 1546 4612 vix
