3609 5967
399 871 404 876 ·
477 763 544 830 216
770 766 810 833 P.
834 767 998 836 OVIDII
1013 770 1235 839 NASONIS

480 940 655 1017 Scribere
672 943 705 1019 si
721 941 779 1017 fas
796 953 857 1019 est
872 946 1064 1021 imitantes
1081 948 1208 1047 turpia
1224 949 1378 1041 mimos,
1452 960 1527 1033 515

528 1056 702 1134 Materiae
720 1063 842 1136 minor
858 1074 919 1138 est
934 1063 1064 1137 debita
1080 1088 1193 1161 poena
1209 1090 1316 1141 meae.

478 1176 540 1251 An
557 1200 678 1274 genus
695 1177 766 1252 boc
785 1178 915 1279 scripti
932 1179 1076 1255 faciunt
1094 1206 1163 1255 sua
1179 1183 1329 1281 pulpito
1346 1195 1481 1275 tutum,

529 1294 719 1395 Quodque
734 1296 839 1382 libet,
858 1296 983 1370 mimis
1002 1320 1118 1370 scena
1133 1297 1247 1372 licere
1264 1299 1395 1376 dedit?

479 1412 530 1490 Et
546 1439 632 1490 mea
648 1427 736 1490 sunt
752 1415 893 1513 populo
911 1412 1047 1487 saltata
1064 1423 1241 1509 poemata
1258 1438 1380 1514 saepe;

529 1532 640 1631 Saepe
658 1532 786 1605 oculos
803 1531 918 1605 etiarn
934 1529 1131 1605 detinuere
1142 1532 1249 1605 tuos.
1451 1538 1526 1609 520

477 1647 646 1735 Scilicet,
664 1649 703 1720 in
721 1645 896 1721 domibus
913 1644 1047 1718 vestris
1063 1656 1107 1719 ut
1123 1646 1249 1744 prisca
1264 1647 1425 1723 virorum

526 1765 672 1840 Artifici
690 1764 835 1861 fulgent
852 1786 1012 1861 corpora
1028 1762 1133 1860 picta
1150 1786 1286 1851 manu3

478 1882 543 1956 Sic
560 1906 646 1979 quae
664 1879 889 1954 concubitus
905 1877 1040 1965 varios,
1058 1877 1295 1976 Venerisque
1312 1879 1451 1975 figuras

527 1996 739 2097 Exprimat,
758 2005 820 2070 est
835 1995 963 2092 aliquo
980 2016 1097 2091 parva
1112 1994 1254 2068 tabella
1270 1995 1375 2070 loco:

477 2114 609 2211 thue
627 2113 736 2188 sedet
752 2113 858 2185 vultu
876 2109 1000 2215 lassus
1017 2107 1260 2184 Telamonius
1278 2110 1385 2199 iram,
1448 2116 1521 2188 525

524 2229 648 2328 lnque
665 2228 784 2302 oculis
801 2226 947 2300 lacinus
963 2224 1124 2299 barbara
1140 2239 1261 2302 mater
1277 2227 1414 2303 babet:

475 2345 540 2420 Sic
558 2345 730 2419 madidos
749 2344 867 2418 siccat
884 2340 1014 2439 digitis
1031 2341 1163 2418 Venus
1180 2343 1257 2418 uda
1272 2345 1443 2443 capillos,

525 2459 577 2536 Et
593 2463 704 2537 modo
722 2459 901 2535 maternis
919 2469 1023 2533 tecta
1038 2458 1188 2533 videtur
1204 2461 1326 2556 aquis.

474 2579 586 2656 Belle
602 2588 738 2653 sonant
754 2578 817 2652 alii
835 2577 922 2651 telis
941 2575 1126 2649 instructa
1142 2575 1321 2663 cruentis,

493 2734 498 2741 -
522 2694 696 2794 Parsque
712 2693 768 2769 tui
785 2692 946 2790 generis,
961 2716 1048 2790 pars
1065 2701 1132 2766 tua
1148 2692 1249 2768 facta
1265 2703 1416 2768 canunt.
1445 2697 1520 2768 530

472 2991 660 3052 Silius,lib.rii.
670 2991 972 3059 565.sqq.deHannibale
1054 2993 1111 3042 525.
1131 2991 1205 3056 thue
1221 2995 1282 3041 ades
1303 2992 1393 3055 odiu]
1419 2991 1520 3058 Ajacem

445 3108 449 3113 .
471 3068 576 3118 Rom
586 3067 724 3119 obsidente:
1021 3073 1046 3113 et
1056 3064 1170 3115 Medeam
1179 3064 1328 3114 Timomachi
1344 3064 1430 3121 innuit,
1445 3064 1521 3114 muri·

505 3142 579 3193 Nsse
596 3145 674 3193 aditus
691 3144 785 3199 turres,
801 3141 891 3190 eleum
908 3158 972 3190 ruse
1022 3153 1061 3188 mo
1079 3138 1154 3204 pretio
1173 3140 1204 3188 ab
1220 3138 1330 3203 haguno
1346 3137 1471 3195 redemtos,
1489 3139 1520 3189 de

535 3218 714 3280 euspirlepttlsut
1022 3211 1109 3276 quibus
1119 3211 1220 3269 Plinius,
1232 3211 1274 3260 lib.
1286 3228 1358 3260 xxxv.
1381 3211 1471 3260 Medea
1479 3212 1520 3261 ‘li-

504 3285 595 3356 Infesta
601 3300 687 3352 portes,
690 3288 833 3355 fruiturque
841 3289 972 3349 tissersps·
1022 3285 1140 3334 momachi
1157 3285 1268 3334 luudstur
1284 3283 1400 3342 Ausonio,
1418 3293 1443 3333 et
1461 3285 1519 3336 Plu·

536 3364 642 3411 sesstrlm:
1022 3358 1112 3416 turcho,
1131 3358 1205 3407 etism
1222 3358 1247 3408 in
1262 3357 1408 3423 hathulogis
1425 3358 1519 3409 Graes.

504 3434 577 3485 Nune
588 3434 972 3484 lentescelsisudstessss'sseollibus
1020 3431 1110 3481 Hesus.
1140 3432 1215 3496 thue
1233 3435 1293 3493 sedet
1313 3428 1389 3480 subu.
1414 3431 1519 3483 Tabulas

534 3511 611 3557 terrm
1020 3504 1104 3572 Ajacis
1117 3514 1142 3555 et
1151 3504 1247 3555 Medea
1260 3505 1408 3570 intelligite
1423 3506 1516 3556 Caere

506 3582 590 3633 Urbem
598 3581 680 3630 sestis
847 3578 938 3628 Hsrus.
1020 3589 1076 3628 ante
1086 3579 1161 3630 andem
1171 3579 1408 3629 VenerisGeuitricis
1417 3579 1517 3638 dicem,

502 3658 560 3709 ⁶1⁷.
576 3651 749 3717 δυαρυμ]
768 3652 970 3711 Qusemntma
1020 3663 1186 3704 utestsuctor
1196 3654 1298 3703 Plinius.
1378 3696 1385 3704 .

468 3747 574 3788 menam,
599 3728 642 3778 ubi
669 3726 762 3777 ludicra
783 3726 970 3789 exercebantur5
1051 3728 1110 3777 627.
1126 3728 1164 3777 Sis
1174 3731 1275 3777 madidos
1283 3727 1387 3792 digitu]
1401 3727 1516 3779 Venerem

469 3805 524 3856 vide
536 3802 692 3853 Ph'rlsndrum
706 3800 733 3849 iu
746 3798 891 3857 Vitruvium,
908 3798 969 3850 libro
1018 3799 1128 3865 designet
1150 3802 1181 3850 ab
1198 3801 1285 3866 Apelle
1306 3801 1404 3867 pictum,
1421 3801 1452 3851 de
1469 3819 1517 3868 qus
1584 3830 1587 3835 ·

467 3898 492 3930 v.
502 3894 557 3944 cup.
567 3878 593 3927 6.
1017 3873 1052 3922 its
1065 3874 1158 3923 Plinius
1177 3875 1277 3924 scribit:
1295 3874 1413 3924 Venerem
1428 3891 1516 3925 exeun-

500 3953 557 4003 519.
574 3951 634 4000 Suet
647 3948 751 4014 popula]
771 3953 828 3998 Non
842 3963 857 3997 a
869 3947 966 4013 populo,
1017 3955 1066 3996 tem
1077 3949 1158 3997 emari
1170 3948 1248 3998 Divus
1258 3948 1382 4013 Augustus
1391 3948 1481 3998 dicavit
1490 3950 1516 4000 in

467 4026 510 4079 sed
527 4025 559 4075 ud
574 4024 743 4075 delectandum
759 4023 880 4090 populum,
892 4030 920 4072 ut
936 4022 968 4071 sit
1016 4020 1116 4070 delubro
1127 4022 1201 4088 patris
1215 4022 1325 4079 Coeseris,
1336 4038 1389 4086 que
1400 4023 1515 4089 Ansdyo·

466 4101 542 4152 dativi
552 4115 629 4150 cesus.
1016 4110 1094 4154 mene,
1111 4104 1217 4146 vocatur.
1257 4097 1388 4146 Consenuit
1407 4096 1457 4149 hec
1480 4108 1515 4147 ts-

500 4176 557 4227 52³.
573 4174 670 4238 Sisque
684 4173 825 4229 concubitus,
836 4169 895 4233 dtu]
915 4170 966 4218 Ob·
1016 4169 1074 4219 bula
1089 4170 1161 4228 carie,
1173 4172 1292 4236 aliamque
1308 4187 1349 4236 pro
1366 4187 1395 4220 eu
1411 4171 1474 4221 Nero
1489 4172 1514 4221 in

467 4266 535 4301 scure
562 4248 601 4298 hic
625 4247 737 4312 designet
764 4244 874 4301 Ovidius,
901 4243 966 4308 quod
1017 4244 1151 4311 principatu
1180 4261 1223 4294 sno
1250 4245 1373 4295 substituit
1399 4244 1513 4297 Dorothei

465 4323 618 4390 Tranquillus
634 4322 738 4388 apertius
750 4317 966 4368 denotatin‘llbe·
1017 4332 1096 4366 manu.
1139 4317 1239 4384 Apelles
1264 4318 1417 4368 inchoaverat
1443 4318 1515 4367 uliam

465 4397 501 4447 rio
515 4398 551 4446 his
567 4395 661 4446 verbis:
686 4394 798 4441 Cubicula
813 4391 966 4455 plurifarium
1016 4390 1135 4440 Venerem
1151 4391 1217 4450 Cois,
1229 4400 1381 4457 superaturus
1396 4390 1468 4439 etiam
1485 4391 1514 4441 il·

466 4473 572 4533 dispositu
589 4469 679 4518 tabellis
696 4483 724 4515 sc
742 4465 826 4531 sigillis
844 4465 965 4528 herisim-
1007 4463 1063 4512 lum
1082 4465 1192 4531 priorem.
1233 4464 1322 4513 lnvidit
1340 4480 1403 4513 mors
1419 4473 1515 4530 peracts

466 4559 556 4591 murum
564 4545 710 4606 putarat-uss
719 4539 887 4606 scfigursrum
897 4540 965 4587 udor·
984 4544 989 4553 ⁴
1002 4547 1098 4603 -purtes
1123 4554 1168 4588 nec
1187 4537 1228 4603 qui
1246 4537 1385 4587 succederet
1400 4537 1465 4604 operi
1483 4536 1514 4586 sd

466 4618 598 4674 mots,&c.
1014 4610 1492 4678 prescriptslineamente‚iusentusest.
