3609 5967
437 789 508 855 EX
532 789 695 855 ΡΟΝΤΟ
719 789 811 854 ΗΒ.
835 787 885 852 11.
910 786 1057 854 EPIST.
1082 787 1153 851 xl.
1257 786 1323 852 439

270 963 379 1051 Quae,
399 986 447 1037 ne
465 962 659 1037 dissimilis
677 962 747 1036 tibi
765 962 815 1047 sit
833 946 1219 1059 probitate,'leb0ret;

304 1079 450 1176 *Seque
468 1078 524 1151 tui
544 1079 620 1151 vite
635 1077 828 1174 sanguinis
846 1100 932 1151 esse
950 1077 1098 1174 probat.

270 1193 384 1291 Ergo,
404 1194 508 1292 quod
525 1191 648 1268 iuerat
665 1192 828 1268 stimulis
845 1191 993 1266 factura
1010 1190 1092 1265 sine
1110 1188 1208 1278 ullis,

320 1310 477 1385 Plenius
495 1320 689 1385 auctorem
706 1320 745 1384 te
763 1331 919 1407 quoque
937 1315 1051 1382 nacta
1067 1304 1171 1380 iacit.
1272 1310 1322 1378 20

269 1426 385 1514 Acer,
400 1437 441 1501 et
456 1427 506 1500 ad
523 1426 660 1525 paimae
678 1448 746 1525 per
764 1449 806 1500 se
823 1447 1003 1499 cursurus
1020 1423 1194 1507 honores,

322 1542 365 1617 Si
381 1552 510 1616 temen
528 1541 700 1628 horteris,
719 1540 852 1614 fortius
870 1539 942 1612 ibit
959 1562 1095 1636 equus.

270 1655 394 1744 Adde,
414 1659 517 1755 quod
535 1657 705 1732 absentis
722 1681 814 1731 cura
829 1656 1011 1731 mandate
1028 1653 1130 1729 fideli

322 1771 493 1860 Perfieis,
512 1784 552 1847 et
568 1773 712 1847 nullum
731 1772 826 1847 serre
844 1770 1009 1869 gravaris
1027 1794 1136 1843 onus.

272 1888 306 1960 Ο
324 1887 487 1963 referant
496 1900 639 1995 grates,
655 1889 835 1987 quoniam
853 1913 928 1962 non
947 1886 1150 1987 possumus
1167 1885 1253 1985 ipsi,
1273 1889 1322 1958 25

323 2003 372 2077 Di
389 2004 479 2078 tibi!
506 2004 572 2102 qui
591 2004 766 2092 referent,
786 2004 818 2079 si
837 2003 901 2102 pia
917 2002 1020 2078 saeta
1036 2004 1179 2078 vident.

273 2118 518 2217 sufficiatque
535 2120 600 2193 diu
619 2144 757 2219 eorpus
775 2143 929 2217 quoque
948 2119 1114 2192 moribus
1131 2116 1227 2203 istis,

321 2234 494 2308 Maxime
512 2234 685 2310 Fundani
702 2235 832 2332 gloria,
854 2233 967 2321 Rufe,
986 2234 1069 2307 soli.

306 2451 345 2499 17.
357 2448 412 2504 Quae
423 2466 452 2499 m
462 2452 576 2499 dissimilis
586 2452 627 2499 tibi
638 2450 689 2514 sin]
709 2450 770 2508 Qun
853 2449 895 2497 23.
909 2447 1024 2496 Mundum
1039 2446 1157 2510 nitente]
1175 2448 1236 2505 Quae
1255 2462 1270 2494 n
1285 2461 1324 2493 me

271 2538 325 2573 mea
334 2538 402 2581 uxor,
412 2531 439 2572 ut
450 2539 527 2572 mom
537 2532 591 2573 tuos
600 2523 714 2572 imitetur.
822 2521 921 2571 absente
932 2520 976 2570 ubi
987 2521 1139 2571 mandantur.

276 2606 278 2609 '
306 2596 346 2646 le.
363 2596 418 2646 En«
437 2602 474 2646 tui
493 2596 634 2662 ungaria]
660 2597 719 2646 Ense
736 2597 771 2647 tui
853 2597 896 2645 26.
914 2596 991 2659 Sipia
1000 2596 1073 2662 fucta
1087 2594 1187 2658 vidone]
1205 2594 1230 2642 si
1242 2592 1324 2642 vident

270 2670 373 2736 generis.
400 2663 474 2720 ”Vite
502 2671 566 2719 vita
587 2671 720 2728 honestate,
747 2680 772 2720 et
822 2687 876 2736 qun
887 2687 902 2720 a
913 2680 936 2720 te
947 2670 985 2738 pie
998 2686 1040 2737 pro
1050 2686 1088 2718 me
1099 2662 1222 2734 geruntur.

270 2754 334 2794 reete
345 2744 455 2803 vivendo,
467 2744 610 2794 nttusaeis.
854 2745 895 2793 27.
904 2744 1010 2809 Sufficiat
1018 2744 1082 2808 diu]
1094 2743 1144 2794 Diu
1155 2741 1225 2792 duret
1235 2748 1259 2789 et
1268 2740 1324 2790 sub·

307 2820 345 2868 19.
363 2819 418 2869 Sine
436 2821 493 2870 ullis
508 2819 628 2884 uimulia]
647 2818 704 2870 Sine
721 2828 771 2877 tuo,
823 2818 947 2868 ministret.

271 2903 312 2944 unt
323 2894 465 2959 cujusquam
476 2910 547 2944 suasu
559 2903 584 2943 et
594 2895 734 2944 hortamine.
855 2893 896 2941 28.
908 2892 956 2941 Soli
968 2890 1100 2956 Fundani]
1117 2889 1194 2939 Fundi
1210 2887 1323 2954 oppidum

303 2964 345 3018 21.
356 2971 394 3018 Aa
409 2970 502 3019 honora
516 2970 619 3034 pulum]
634 2968 680 3018 ‘Ad
696 2969 771 3018 victo·
823 2965 868 3015 fuit
878 2964 1028 3033 Campaniae,
1039 2964 1118 3031 petrin
1131 2964 1202 3031 hujus
1216 2962 1282 3020 Rufi,
1293 2960 1324 3015 ed

271 3044 331 3093 riam
341 3044 457 3094 curulem.
823 3056 895 3106 quem
906 3040 989 3091 neuibit
999 3040 1108 3090 Ovidius.
