3609 5967
442 770 675 838 TRISTIUM
699 768 790 835 LIB.
816 769 859 834 V.
884 769 1021 836 ELEG.
1046 771 1157 838 XIII.
1259 775 1325 839 343
1418 847 1423 858 ¹

279 944 390 1028 Quod
407 954 474 1018 toa
489 967 652 1018 merere
668 943 810 1016 solatur
827 943 1000 1042 epistola,
1021 969 1179 1042 peccas:

330 1060 503 1158 Remque
521 1061 623 1159 piam
641 1069 810 1159 praestas,
830 1060 869 1134 ni
886 1060 978 1134 mihi
996 1063 1112 1135 verba
1129 1087 1258 1159 neges.

279 1175 362 1250 Hoc
379 1201 513 1275 precor
528 1177 710 1251 emenda:
739 1177 843 1274 quod
861 1177 893 1250 si
911 1178 1118 1252 correxeris
1136 1203 1265 1266 unum,

327 1291 364 1364 N
367 1295 466 1366 ullos
483 1294 523 1366 iu
538 1293 690 1390 egregio
708 1317 863 1392 corpore
877 1319 1005 1368 naevus
1023 1296 1106 1369 erit.

277 1407 454 1482 Pluribus
472 1433 660 1496 accusem,
678 1409 759 1483 fieri
776 1410 848 1484 nisi
867 1410 1000 1508 possit,
1019 1420 1061 1484 ut
1079 1411 1205 1484 adme
1279 1415 1322 1483 15

327 1520 454 1598 Litera
470 1548 544 1598 uon
561 1524 698 1611 veniat,
718 1524 833 1599 missu
849 1525 901 1598 sit
918 1525 983 1599 illa
1000 1535 1139 1600 temen.

278 1638 328 1709 Dl
344 1638 495 1727 faciant,
516 1649 559 1712 ut
576 1639 625 1714 sit
643 1641 842 1715 temeraria
858 1651 986 1714 nostra
1004 1642 1171 1739 querela,

325 1753 457 1853 Teque
475 1767 606 1855 putem
623 1755 717 1830 salso
734 1781 810 1829 non
827 1758 1045 1831 meminisse
1062 1760 1150 1832 mei.

275 1869 387 1953 Quod
410 1896 554 1970 precor,
579 1896 664 1945 esse
690 1872 831 1969 liquet:
866 1875 1115 1970 nequeenim
1141 1874 1321 1949 mutabile

324 1985 490 2079 Credere
508 2013 568 2062 me
585 1987 642 2062 las
660 1999 720 2062 est
736 1989 900 2087 pectoris
920 2014 1005 2063 esse
1022 1990 1090 2064 toi.
1188 1991 1319 2086 [robur

275 2101 383 2177 Cena
400 2106 503 2202 prius
521 2104 646 2201 gelido
663 2104 790 2179 desint
807 2106 998 2180 absinthia
1017 2105 1151 2195 Ponto,
1272 2111 1317 2180 21

323 2219 374 2294 Et
391 2232 519 2295 careat
535 2221 636 2294 dulci
655 2220 844 2296 Trinacris
863 2221 994 2320 Hybla
1010 2222 1156 2321 thymo,

274 2335 539 2410 immemorem
557 2359 673 2433 quarn
689 2346 728 2410 te
747 2336 949 2434 quisquam
969 2338 1167 2411 convincat
1185 2339 1317 2413 amici:

324 2452 412 2526 Non
430 2452 484 2526 its
501 2462 590 2526 sunt
606 2452 671 2527 sati
689 2454 853 2527 stamine
869 2454 976 2550 nigra
993 2453 1079 2526 mei.
1148 2459 1151 2466 '

274 2567 333 2641 Tu
350 2577 489 2654 tamen,
508 2578 552 2641 ut
568 2568 673 2642 falsae
691 2568 813 2668 possis
831 2593 985 2667 quoque
1004 2569 1143 2666 pellere
1161 2571 1282 2669 culpae

323 2684 504 2771 Crimine,
523 2684 625 2783 quod
643 2709 719 2757 non
736 2708 790 2770 ee,
809 2707 858 2757 ne
873 2683 1036 2770 videare,
1055 2709 1171 2758 cave:
1271 2691 1319 2760 26

274 2802 404 2900 thue
422 2801 638 2876 solebamus
658 2825 879 2876 consumere
897 2802 1012 2897 longe
1029 2800 1219 2898 loquendo

321 2917 518 3017 Tempora,
537 2941 749 3022 sermonem
766 2917 966 2991 deficiente
984 2917 1066 3007 die;

306 3142 346 3188 Γ).
363 3140 510 3206 Verpoorten
524 3140 559 3190 itu
573 3143 635 3191 benc
653 3141 767 3207 interprs·
850 3143 889 3190 1⁴.
901 3141 990 3191 Nullus
996 3140 1094 3206 nevus]
1109 3140 1184 3200 Quasi
1195 3141 1268 3198 dicut,
1280 3143 1315 3190 ni-

270 3221 348 3262 tetur:
358 3213 384 3261 Si
395 3216 557 3278 congruentis
567 3215 647 3264 adme
657 3215 767 3273 scribere,
815 3215 850 3264 hil
866 3216 909 3264 abs
925 3222 948 3264 te
961 3215 1080 3280 requiram
1095 3213 1206 3280 emplius,
1222 3215 1242 3264 ri
1257 3215 1318 3265 hunc

270 3302 316 3350 ego
335 3303 377 3352 per
393 3289 460 3336 certa
478 3287 583 3354 epistole
602 3297 649 3338 tue
667 3288 725 3337 mibi
742 3306 769 3338 rc
816 3290 891 3339 veluti
904 3306 934 3339 ex
951 3290 1051 3338 formoso
1066 3303 1162 3354 corpore
1173 3289 1260 3348 leben,
1277 3298 1319 3340 out

269 3364 317 3423 ipsu
331 3369 356 3409 et
372 3361 436 3410 lecto
452 3362 555 3410 officium
570 3362 701 3427 prestimm
716 3379 768 3412 csse
816 3365 937 3413 maculam
948 3363 1045 3413 unicum
1056 3363 1187 3412 sustuleris.

267 3434 390 3500 judicabo.
414 3436 484 3494 Quod
496 3445 576 3484 nutem
587 3437 632 3485 lroe
645 3437 768 3486 verborum
852 3439 891 3488 15.
902 3439 1012 3487 Pluribus
1018 3435 1140 3498 arcuum]
1149 3436 1260 3487 Pluribus
1266 3453 1318 3487 rer·

269 3509 373 3558 officium
386 3526 434 3559 non
446 3519 658 3576 prestespecces.
692 3510 768 3560 Hein-
817 3509 1202 3560 bisofficiumtuumaecussrem.
1227 3511 1318 3562 Herus.

268 3583 318 3632 sins
336 3583 486 3650 suspicatur:
514 3601 604 3648 raupta
622 3586 685 3647 pium
705 3585 768 3633 houd
853 3586 891 3635 19.
910 3586 976 3640 Qvod
991 3583 1092 3648 precum]
1112 3584 1147 3634 Ut
1163 3585 1224 3634 lnlso
1242 3585 1273 3634 de
1294 3596 1317 3635 te
1347 3618 1350 3630 ,

269 3659 542 3722 praemunierimus.
553 3657 768 3707 Codcxleidenris
817 3675 911 3724 querar.
939 3659 1019 3708 Robur
1039 3661 1076 3706 tol
1094 3659 1199 3720 pectoris.
1226 3659 1318 3708 Mentis

269 3731 357 3790 hebet3
373 3747 463 3795 remque
475 3733 535 3780 mole
548 3741 640 3792 prestas
654 3735 693 3781 ud
704 3749 735 3779 m.
745 3748 767 3780 v.
816 3739 865 3781 tun
878 3731 1037 3782 constentiam
1053 3731 1078 3779 in
1093 3747 1132 3780 ms
1145 3731 1255 3790 emendo,
1266 3749 1316 3782 cre·

269 3822 352 3871 ssgus:
363 3805 441 3866 elius3
451 3821 541 3870 remque
548 3807 632 3854 malum
639 3815 732 3868 prestus
741 3809 768 3854 ιιι·
817 3804 873 3854 dere
884 3821 975 3871 nequeo
986 3821 1038 3854 esse
1048 3805 1224 3854 labefactatam.

269 3881 323 3927 nuti
336 3881 403 3929 uerbo
418 3882 492 3946 tegas:
510 3878 574 3939 duo;
590 3881 690 3944 quodque
701 3883 767 3943 pium
848 3879 891 3928 21.
909 3879 1063 3930 Absinthium
1074 3879 1099 3928 iu
1110 3880 1186 3928 Ponto
1196 3879 1242 3928 luit
1256 3895 1315 3944 prte-

268 3964 366 4014 pmtas.
398 3955 480 4013 Quare
491 3955 651 4011 Burmannus,
666 3952 708 4018 qni
717 3953 765 4010 hie,
815 3951 995 4010 stantissimum,
1013 3953 1089 4001 multo
1103 3953 1205 4002 amorius
1218 3953 1314 4012 Itnlieo,

269 4037 295 4077 nt
309 4023 381 4095 sepe,
396 4045 431 4077 m
446 4035 471 4076 et
484 4029 551 4076 verto
567 4026 662 4092 opponi,
674 4036 699 4076 et
714 4027 765 4076 Ns·
815 4028 867 4092 ejus
883 4044 939 4077 vero
954 4027 1062 4077 medulla
1078 4026 1164 4084 dulcis,
1177 4027 1232 4077 vide
1252 4029 1316 4078 Plio.

268 4119 348 4152 sonem
360 4104 423 4152 velle
439 4111 515 4169 putet,
527 4104 596 4152 rebus
613 4101 710 4167 quidem
727 4117 766 4151 sa·
815 4102 890 4151 xxvii.
900 4104 924 4150 7.
960 4101 1315 4152 TrinacrIrestSicilieGraecis

267 4176 374 4226 tisiacere
390 4176 468 4226 officio
486 4176 599 4232 suricum,
620 4175 663 4223 sed
685 4177 765 4232 verbs,
815 4192 831 4225 a
844 4175 920 4225 tribus
934 4175 1097 4242 promontoriis
1110 4175 1144 4224 sic
1155 4175 1235 4235 dicte5
1252 4177 1315 4225 cons.

267 4249 283 4298 i.
299 4266 323 4299 e.
343 4251 463 4318 epistolas,
481 4265 528 4298 non
546 4260 666 4316 prestere,
686 4249 765 4315 legere
814 4269 837 4299 v.
849 4252 873 4299 6.
884 4252 926 4299 38.
959 4251 1073 4300 Herses.

268 4324 349 4384 malit3
366 4325 465 4386 Rersqoc
473 4327 532 4373 mule
543 4326 605 4373 houd
616 4333 717 4386 prestas,
727 4327 766 4374 scd
846 4327 887 4374 22.
905 4325 984 4388 Hybla
998 4324 1137 4387 Trinacris]
1156 4323 1246 4388 Hybla,
1255 4323 1314 4373 civi·

268 4399 324 4445 miti
333 4401 400 4447 serto
413 4401 499 4464 negusl
516 4398 589 4448 tueris
603 4414 681 4448 mecm
695 4413 765 4447 caus·
815 4409 851 4449 tos
860 4398 958 4448 sicilie.

267 4487 319 4519 sam
328 4472 424 4537 optime,
434 4473 477 4521 sed
488 4488 535 4521 non
544 4472 636 4530 scribis,
647 4473 696 4528 vel,
706 4489 765 4521 rem-
847 4475 888 4523 28.
899 4474 1025 4522 &monor
1033 4469 1312 4537 eumllottcndcrphinnc

267 4563 310 4608 qus
319 4549 407 4611 quidm
416 4556 516 4610 prestus,
528 4551 574 4606 rod,
584 4548 630 4596 dcc.
653 4546 765 4596 Hennes.
815 4555 840 4596 et
849 4549 967 4602 Potesne,
978 4544 1097 4611 rescripsit
1108 4543 1234 4596 Heinsius:
1254 4546 1312 4598 edit.
