3609 5967
471 783 535 849 138
759 778 798 843 Ρ.
827 774 989 842 OVIDII
1013 774 1226 840 NASONIS

473 955 620 1032 Felices
637 963 771 1030 ornent
783 952 866 1026 haec
882 951 1134 1024 iustrumenta
1150 948 1318 1022 libellos:

524 1071 698 1146 Fortuuae
714 1090 918 1143 memorem
935 1074 973 1138 te
990 1064 1101 1137 decet
1119 1088 1204 1137 esse
1221 1086 1328 1136 meoe.
1469 1068 1514 1135 10

475 1188 558 1263 Nec
574 1186 695 1283 fragili
712 1182 870 1281 geminae
887 1179 1075 1279 poliantur
1093 1178 1243 1275 pumice
1261 1175 1412 1263 frontes,

524 1301 703 1374 Hirsutus
721 1298 841 1397 passis
858 1306 902 1367 ut
915 1293 1063 1367 videare
1081 1292 1213 1366 comis,

476 1420 582 1494 Neve
597 1417 791 1490 liturarum
809 1412 969 1512 pudeat:
999 1410 1065 1507 qui
1082 1408 1217 1482 viderit
1234 1406 1330 1494 illae,

524 1533 584 1607 De
601 1530 778 1629 lacrymis
795 1526 914 1601 factas
933 1525 1070 1599 sentiet
1087 1546 1172 1597 esse
1190 1522 1297 1596 meis.

474 1649 594 1733 Vade,
613 1646 718 1732 liber,
737 1644 937 1738 verbisque
955 1640 1049 1715 meis
1067 1638 1153 1712 loca
1170 1648 1276 1733 grata
1293 1639 1436 1712 saluta:
1470 1640 1513 1709 15

525 1762 752 1857 Contingam
765 1770 867 1835 certe
884 1780 961 1855 quo
981 1756 1068 1829 licet
1085 1753 1149 1828 illa
1165 1754 1275 1853 pede.

478 1880 520 1954 Si
537 1878 635 1976 quis,
654 1876 751 1950 utin
769 1873 921 1973 populo,
940 1870 1056 1945 nostri
1074 1894 1149 1943 non
1167 1870 1362 1943 immemor
1376 1866 1465 1951 illic,

528 1992 686 2089 Siquis,
706 1990 784 2089 qui,
803 1989 896 2088 quid
914 2011 1036 2085 agam,
1055 1986 1150 2059 sorte
1168 1986 1347 2084 requirat,
1367 1983 1458 2071 erit;

476 2109 612 2183 Vivere
629 2132 690 2181 me
707 2106 823 2193 dices,
844 2105 987 2179 salvum
1005 2112 1133 2178 tamen
1149 2126 1234 2177 esse
1252 2100 1429 2198 negabis:

528 2221 575 2300 Id
592 2246 757 2322 quoque,
776 2220 878 2321 quod
896 2221 1030 2307 vivam,
1050 2220 1186 2294 mutius
1203 2218 1342 2319 habere
1361 2216 1446 2290 Dei.
1467 2220 1517 2287 20

477 2341 606 2439 Atque
623 2337 676 2412 ita
691 2349 730 2412 te
747 2347 880 2411 cautus
899 2334 1084 2433 quaerenti
1101 2334 1211 2435 plura
1226 2333 1440 2431 legendum,

530 2454 602 2539 Ne,
622 2478 707 2552 quae
724 2478 800 2526 non
817 2477 913 2552 opus
932 2463 1002 2539 est,
1021 2451 1115 2525 sorte
1132 2450 1300 2549 loquare,
1319 2448 1440 2523 dabis.

477 2617 553 2686 pellat
561 2618 705 2684 mpcriorem
713 2616 973 2667 etinferimmcharte
1022 2614 1125 2667 ovidio·
1143 2630 1190 2665 nou
1208 2612 1333 2671 immerito,
1343 2612 1459 2678 fragilem
1476 2624 1518 2677 ao

477 2701 582 2759 partem:
592 2694 699 2758 Μία»
712 2708 768 2741 veto
781 2692 881 2756 nigram,
896 2691 972 2756 ipsam
1022 2688 1131 2755 pellavit.

477 2767 598 2833 pagiuam.
624 2766 696 2815 Mn.
727 2765 869 2815 scribebant
881 2765 975 2830 antiqui
1058 2764 1096 2813 tt.
1117 2762 1206 2825 Sparata
1227 2760 1315 2824 canam]
1340 2760 1417 2809 Patala
1435 2758 1519 2809 editio-

478 2840 504 2890 iu
527 2841 603 2889 altera
621 2847 715 2890 tautum
738 2838 876 2906 paginarum
904 2837 974 2897 facie,
1023 2852 1065 2889 nea
1076 2836 1190 2903 antiqua,
1201 2846 1226 2887 et
1240 2835 1302 2885 iuter
1315 2834 1413 2901 amiptou
1426 2834 1520 2885 codices

478 2923 592 2979 perpetuo
608 2912 691 2970 ductu,
704 2912 736 2962 ad
751 2921 883 2962 extremum
897 2926 974 2977 uaque
1023 2910 1106 2959 multi:
1131 2910 1217 2976 probe:
1242 2908 1301 2957 nihil
1318 2908 1463 2973 frequentius
1479 2924 1519 2957 oc-

478 2988 574 3039 lolium:
591 2988 674 3053 inquo
686 2986 836 3036 firmitudinis
846 2985 923 3051 gratia
933 3001 974 3051 cy·
1024 2984 1097 3035 currit
1107 2984 1172 3051 apud
1181 2985 1310 3033 Nasonem.
1338 2982 1475 3032 Haluicuaia
1483 3000 1520 3033 co·

478 3060 590 3120 1111111111,
599 3076 643 3110 acu
651 3060 767 3109 bacillum
777 3068 885 3115 teretem,
898 3058 974 3108 cedri-
1025 3074 1072 3107 maa
1085 3074 1128 3123 pro
1146 3057 1240 3107 diversa
1256 3055 1374 3116 lectione;
1391 3064 1418 3105 ut
1434 3056 1520 3105 usitato

479 3149 537 3184 uum
547 3135 585 3183 vel
593 3135 724 3183 ebumeum
734 3130 925 3196 agglutinabaot,
938 3148 975 3181 ae·
1025 3132 1147 3197 graciamo
1156 3130 1265 3179 videatur
1275 3128 1448 3195 reponendum:

477 3209 582 3258 mudum
592 3206 742 3256 latitudinem
756 3206 898 3254 membrano
913 3220 973 3271 praa-
1059 3205 1252 3268 Hirsutum
1263 3214 1290 3252 ut
1299 3206 1391 3252 ultim
1400 3220 1479 3251 eonas.

477 3280 543 3338 elan,
556 3279 714 3345 eumdemque
729 3279 882 3328 nominabant
895 3280 972 3329 umbi.
1026 3277 1168 3327 Maxctlam
1178 3281 1257 3327 uatiat
1268 3276 1383 3325 meliorem
1416 3276 1505 3327 Hatita.

478 3354 552 3403 licum
558 3372 566 3414 ;
580 3353 643 3419 quod
652 3353 715 3402 aicut
725 3352 851 3402 umbilicus
860 3353 885 3402 iu
895 3354 974 3403 medio
1061 3353 1100 3401 tt.
1111 3350 1268 3415 Litora-m]
1281 3350 1438 3401 Maculam.
1448 3350 1522 3401 ovid.

479 3436 569 3485 ventre,
576 3426 610 3476 tic
617 3426 659 3476 ille
668 3426 729 3475 libro
739 3427 791 3491 jam
805 3426 976 3476 circumvoluto
1024 3425 1082 3475 Her.
1092 3424 1127 3474 111.
1137 3426 1161 3473 3.

480 3500 574 3550 modim
589 3508 659 3549 eaaet.
692 3500 770 3565 Hujus
785 3500 867 3550 bacilli
884 3500 973 3566 capita,
1059 3499 1216 3563 ‘lumenque
1232 3501 1348 3563 adema,
1367 3500 1470 3563 lacque
1480 3499 1522 3564 so·

479 3589 580 3639 aupeme
590 3579 616 3623 at
623 3572 714 3623 iuleme
723 3572 860 3631 eminentia,
870 3582 975 3639 argento,
1088 3590 1138 3623 care
1149 3575 1240 3623 turm.

480 3663 544 3706 aura,
563 3657 605 3698 aut
623 3648 693 3697 ebore
713 3656 810 3697 ornatae
825 3662 900 3696 cauea
915 3664 975 3713 pre·
1059 3648 1096 3696 16.
1125 3646 1206 3710 Pede]
1230 3646 1256 3696 la.
1277 3663 1299 3695 e.
1320 3645 1414 3711 syllaba
1434 3657 1522 3698 teram.

480 3722 635 3782 muniebaut3
650 3729 675 3771 et
691 3720 743 3769 hnc
754 3736 840 3769 cornua
855 3719 976 3770 (licebant.
1025 3722 1137 3771 Haauaa.

480 3794 568 3845 Poatea
574 3794 754 3861 paginatiuatat
762 3792 830 3860 apiae
838 3794 977 3843 convolutae
1060 3796 1098 3845 17.
1110 3796 1136 3844 st
1145 3798 1203 3860 quit,
1210 3798 1270 3845 attia
1277 3798 1369 3862 populo,
1379 3799 1458 3854 acatal,
1465 3796 1521 3861 δια]

480 3869 664 3933 complicabaut,
675 3868 778 3933 indeque
788 3870 892 3917 uotum
902 3868 977 3918 uomi—
1026 3869 1072 3918 Pro
1080 3870 1104 3917 Si
1115 3873 1165 3934 quia
1174 3870 1297 3935 posteriori
1306 3886 1447 3937 veramque
1456 3886 1523 3936 repe-

481 3942 580 3999 uabaut,
593 3941 742 3991 avolveudo.
775 3942 852 3991 Pouc.
1026 3942 1078 3991 titio
1087 3941 1231 3991 inconcinna
1239 3942 1383 4008 eattiquid
1394 3943 1470 4000 video,
1482 3944 1522 3991 Ci-

515 4016 554 4063 11.
578 4016 700 4081 Geminam]
730 4016 861 4081 Utramque
887 4015 976 4064 charta
1026 4016 1155 4065 obrectiua
1165 4024 1523 4082 reponatur‚utcumquemem·

481 4087 604 4156 planitiem
620 4088 811 4155 intelligit,puta
826 4088 975 4143 exteriorem.
1026 4090 1429 4141 braniaomnibuainviua.1{uua.
1461 4088 1523 4140 Mihi

481 4162 657 4211 etinteriorem.
683 4162 877 4228 Fragilipomica.
904 4162 979 4211 Enut
1027 4182 1082 4215 vern
1093 4164 1225 4231 elegantius
1235 4165 1354 4231 repatiiaae
1363 4164 1459 4213 videtur
1466 4180 1523 4231 poe·

482 4243 562 4285 autam
572 4235 678 4302 pumicea
687 4234 939 4301 iuuaupoliendorum
949 4234 978 4283 li·
1029 4242 1158 4303 ta.aiquia.
1191 4239 1304 4289 Hiatus.

481 4312 576 4361 brorum
596 4311 685 4377 gratia:
701 4310 859 4359 laudatissimi
879 4319 936 4360 suut
953 4312 978 4359 iu
1060 4314 1100 4361 20.
1115 4312 1182 4376 Dat]
1194 4312 1297 4378 Augusti
1305 4308 1420 4361 canus:
1432 4326 1524 4365 uamao

482 4385 560 4441 Melo,
578 4385 659 4448 Scyro,
672 4392 697 4432 et
712 4383 799 4431 AEoliia
810 4383 907 4432 inaulia:
925 4400 977 4449 pro·
1029 4402 1102 4451 usque
1119 4387 1231 4452 proceaait
1248 4402 1285 4436 ara
1306 4385 1468 4440 maeatatoria,
1485 4384 1524 4435 vel

482 4458 547 4506 batio
560 4458 587 4507 ia
600 4457 712 4513 madore,
726 4465 752 4505 at
765 4456 789 4504 iu
807 4457 905 4505 minimo
920 4474 978 4523 pou-
1028 4461 1105 4525 potius
1122 4460 1228 4525 politica,
1239 4468 1266 4510 ut
1282 4476 1346 4516 eum,
1359 4474 1430 4525 quem
1445 4458 1524 4509 uolue·

483 4528 547 4586 dere,
563 4542 588 4579 et
607 4539 720 4595 utquam
737 4528 841 4579 maxima
859 4531 978 4596 spongiosi
1028 4534 1292 4601 rantragemaccipete,
1301 4535 1382 4583 Deum
1392 4532 1497 4583 iecerint.

484 4611 556 4669 etqua
566 4605 625 4654 aridi
636 4606 692 4664 aiut,
702 4620 731 4655 ac
742 4604 785 4655 teri
796 4604 896 4665 lacilea;
915 4605 977 4654 uude
1060 4608 1148 4666 Mb.
1162 4608 1274 4671 Taquaita
1283 4618 1310 4657 tu
1319 4608 1425 4670 κείω]
1438 4606 1524 4672 Scapti
