3609 5967
458 786 692 853 TRISTIUM
714 786 806 852 LIB.
829 787 873 853 V.
896 787 1035 854 ELEG.
1059 788 1163 853 XIV.
1269 791 1334 856 345

289 961 325 1036 N
328 986 376 1038 on
394 984 465 1058 ego
482 959 632 1034 divitias
649 960 775 1034 dando
790 960 860 1034 tibi
877 962 988 1060 plura
1004 961 1220 1036 dedissem:

339 1074 405 1149 Nil
421 1075 516 1150 seret
534 1076 582 1154 ed
600 1099 730 1150 menes
748 1076 874 1149 divitis
892 1077 1027 1149 umbra
1044 1101 1146 1152 suos.

289 1189 470 1290 Perpetui
487 1189 651 1265 fructum
669 1191 804 1266 donavi
822 1191 1007 1280 nominis3
1037 1191 1166 1289 idque,

339 1305 424 1391 Quo
440 1307 531 1381 dare
549 1306 602 1380 nil
621 1307 725 1405 potui
744 1330 899 1381 munere
917 1310 1051 1404 majus,
1069 1308 1201 1384 habes,

240 1495 242 1498 ,
288 1421 410 1509 Adde,
430 1421 546 1520 quod,
565 1430 608 1494 nt
625 1444 749 1496 rerum
767 1423 848 1496 sola
865 1446 907 1498 es
925 1421 1045 1496 tutele
1062 1448 1242 1511 mearum,
1291 1432 1335 1500 15

339 1537 401 1610 Ad
419 1547 458 1610 te
476 1560 550 1610 non
567 1537 671 1633 parvi
689 1537 793 1610 venit
809 1537 960 1611 honoris
978 1562 1095 1613 onus:

290 1650 402 1737 Quod
420 1674 615 1750 nunqnam
631 1676 703 1725 vox
722 1661 781 1726 est
795 1652 843 1726 de
861 1664 898 1727 te
917 1647 1003 1726 mea
1020 1665 1135 1741 muta,
1155 1654 1286 1753 tuique

339 1767 364 1840 J
366 1768 501 1841 udiciis
518 1768 637 1842 debes
655 1791 740 1841 csse
758 1769 923 1866 superba
939 1769 1020 1841 viri.

291 1882 397 1970 Quae,
418 1908 466 1958 ne
483 1884 568 1981 quis
587 1883 708 1983 possit
726 1884 925 1959 temeraria
940 1885 1080 1971 dicere,
1099 1896 1257 1983 praesta:

341 1999 392 2074 Et
409 1999 548 2099 pariter
565 2023 673 2074 serva
689 2023 840 2098 meque,
859 2000 1040 2099 piamque
1058 2000 1185 2076 fidem.
1287 2009 1336 2077 20
1374 1989 1376 1994 ’

291 2114 391 2190 Nam
403 2126 480 2201 tua,
492 2116 582 2190 dum
601 2117 788 2204 stetimus,
802 2118 903 2216 turpi
919 2118 1000 2192 sine
1015 2116 1171 2191 crimine
1186 2119 1333 2205 mansit,

342 2230 391 2305 Et
407 2231 559 2305 laudern
577 2232 745 2329 probitas
764 2233 1027 2332 irreprehensa
1042 2233 1142 2307 tulit.

291 2347 367 2422 Por
384 2349 517 2423 eadem
534 2357 664 2421 nostra
680 2373 780 2422 nnnc
798 2358 859 2422 est
877 2350 949 2423 sibi
968 2348 1068 2423 sacta
1085 2349 1212 2424 ruine:

342 2463 602 2562 Conspicnum
619 2462 737 2536 virtus
754 2463 816 2536 hic
834 2474 901 2537 tua
918 2474 1034 2562 ponat
1051 2487 1158 2562 opus.

292 2577 389 2654 Esse
406 2580 544 2653 bonam
562 2577 672 2653 focile
690 2589 760 2666 est,
774 2580 853 2666 ubi,
870 2580 973 2678 quod
986 2588 1089 2653 vetet
1106 2603 1203 2666 esse,
1216 2605 1334 2670 rcm07

440 2705 609 2783 tonost,
1289 2703 1336 2772 25

343 2809 393 2883 Et
410 2810 504 2883 nihil
523 2809 645 2883 officio
662 2820 782 2908 nupta
799 2811 902 2907 qnod
920 2812 1047 2884 obstet
1063 2811 1200 2886 habet:

327 2990 365 3038 ll.
378 2989 475 3054 Pistre]
494 2990 574 3048 Quem
585 2988 651 3038 dedi.
674 2986 791 3055 Intelligit
875 2989 958 3039 Liceat
968 3006 1024 3039 vero
1034 3005 1111 3040 meam
1122 2990 1271 3055 interponere
1280 3008 1336 3041 con·

292 3070 374 3112 sutem
385 3061 454 3112 seme
465 3062 674 3112 immortalitatem.
836 3064 995 3130 jectnriolsnr.
1017 3063 1119 3113 Ovidius
1128 3072 1200 3113 antes
1209 3074 1286 3114 oraret
1294 3083 1337 3115 nx·

328 3137 366 3186 13.
387 3136 497 3199 Perpetui
508 3138 627 3203 secretum,
648 3137 707 3200 tte]
734 3137 790 3187 Non
840 3155 916 3195 orem,
926 3138 1033 3189 utfidem
1043 3148 1157 3194 servaret,
1166 3155 1266 3205 ermque
1275 3156 1337 3190 nnnc

291 3210 464 3261 intermorietur
490 3227 576 3261 nomen
601 3218 676 3269 ιιιιιιιι,
696 3219 791 3277 propter
839 3212 983 3270 ostenderet,
993 3228 1068 3277 quum
1081 3211 1197 3260 castitatis
1211 3224 1338 3279 perpetues.

291 3284 448 3335 eternitatem
457 3284 595 3351 scriptorum
606 3300 720 3336 meorum.
840 3303 894 3352 qun
901 3288 986 3335 Rome
998 3300 1051 3334 rsrs
1060 3293 1118 3335 tunc
1127 3285 1172 3335 fnit
1179 3287 1259 3343 virtus,
1268 3297 1339 3338 antea

325 3360 364 3410 to.
376 3360 440 3409 Onus
451 3378 495 3409 nnn
503 3363 572 3422 porei
582 3359 694 3423 honoris]
714 3359 790 3417 Quasi
840 3361 937 3410 laudem
950 3360 1059 3410 tulisset:
1076 3368 1143 3424 rogat
1153 3359 1224 3424 igitur
1238 3371 1265 3410 ιιι
1279 3362 1339 3412 fides

291 3431 373 3482 dicet:
392 3433 502 3498 quemvis
516 3431 547 3482 sit
560 3449 620 3483 onos
635 3433 739 3482 etlnbor
754 3448 791 3482 res
840 3441 908 3484 tanta
918 3433 957 3492 sit,
968 3441 1091 3499 quamtum
1106 3432 1196 3482 melum
1209 3444 1338 3502 essepntst

292 3521 358 3556 mess
378 3507 447 3564 tueri,
466 3516 549 3556 temen
572 3507 617 3556 erit
643 3522 729 3573 magno
748 3507 789 3556 ho·
839 3509 959 3564 exsilium,
972 3509 1016 3556 hoc
1029 3517 1073 3563 est,
1085 3521 1157 3572 quem
1168 3507 1280 3565 maxima,
1291 3525 1340 3574 que

293 3581 351 3632 nori.
840 3599 865 3632 re
881 3583 980 3647 gloriam
994 3580 1100 3646 nequiret
1116 3580 1240 3630 illustrem.
1274 3584 1338 3633 Hinc

327 3657 364 3705 19.
387 3656 490 3720 Pente]
515 3655 673 3706 Persevera
665 3671 691 3704 ιιι
711 3671 791 3706 amore
840 3657 946 3723 suspicor
960 3654 1080 3720 scripsisse
1094 3663 1198 3720 poetam,
1210 3647 1339 3722 presertim

291 3730 420 3796 oonjngsli.
444 3730 534 3780 Melius
544 3741 634 3793 ρτειιιι,
647 3731 725 3780 effice.
840 3731 910 3787 sien,
921 3746 975 3795 que
985 3740 1124 3793 sequuntur,
1135 3728 1275 3779 contuleris:
1290 3732 1340 3780 Par

324 3803 790 3868 22.1aodem—tntst.]SrcdedrtBor
841 3807 919 3852 endem
938 3801 1004 3866 (scii.
1025 3802 1098 3864 fides)
1118 3813 1198 3852 nostre
1221 3821 1283 3853 nnnc
1309 3808 1340 3854 sit

293 3877 790 3944 mnnnns31nndsmlstnitintsndem,qnod
841 3877 879 3941 (h.
889 3893 912 3927 e.
927 3877 1018 3926 utinam
1037 3877 1094 3939 siti)
1111 3879 1153 3926 stoi
1163 3878 1234 3941 saeta
1250 3881 1338 3928 wine.-

293 3951 374 4017 primoe
382 3952 438 4001 edd.
448 3953 570 4002 exhibent.
589 3951 639 4000 nni
650 3951 717 4001 nliter
726 3953 790 4018 apud
840 3959 913 4016 atque
929 3951 954 4000 io
965 3950 1139 4016 Gottorphisno
1156 3951 1201 4001 suit
1216 3962 1303 4009 nostre,
1314 3962 1339 4002 et

293 4026 426 4084 Heinsium,
437 4026 479 4092 qui
491 4026 595 4076 scribere
603 4026 674 4092 jubet
686 4035 709 4074 et
717 4025 790 4091 some
840 4027 927 4074 sities
944 4025 1043 4089 entique
1061 4024 1162 4075 lectione
1179 4030 1217 4082 sit,
1233 4043 1275 4091 pro
1292 4043 1339 4090 quo

291 4101 479 4166 probitas-jhu.
505 4101 635 4149 Nnmvero
652 4099 738 4148 Istinc
754 4099 790 4148 di·
840 4099 1162 4156 librariussobstitneratest,
1175 4099 1338 4148 sorsnoortunr

292 4176 449 4238 estensem
464 4177 572 4237 probitas,
583 4174 735 4223 vehementer
746 4173 791 4223 du·
840 4174 892 4222 init.
916 4173 1028 4222 Hennes.

294 4247 354 4297 bitet
364 4250 447 4298 Burni.
456 4265 500 4299 nec
512 4250 624 4315 preberet
634 4250 790 4313 Verpoorten.
873 4249 913 4295 24.
926 4246 1100 4309 conspicuum]
1120 4244 1195 4303 Quasi
1210 4242 1339 4308 quamdam

296 4321 400 4372 Probitas
408 4332 445 4373 est
454 4323 506 4372 tnt.
517 4323 622 4372 castitas.
646 4323 758 4372 Hennes.
840 4331 944 4370 stanam
962 4336 1025 4369 nunc
1043 4320 1086 4369 tibi
1105 4319 1190 4367 virtute
1209 4329 1250 4365 tua
1266 4316 1338 4380 erige,
1429 4333 1431 4338 ¹

326 4396 368 4444 23.
386 4396 436 4444 Por
452 4415 478 4446 en
495 4399 523 4446 de
538 4407 616 4445 nostro
633 4414 678 4445 nen
697 4406 728 4445 est
750 4397 791 4444 tibi
840 4394 1122 4461 conspicuumomnibus.
1138 4392 1217 4440 Pons.
1255 4389 1339 4439 Virtus.

284 4468 357 4533 sacto
374 4469 467 4533 enirm]
486 4470 516 4519 In
534 4480 613 4519 nostre
627 4470 696 4518 ruine
710 4485 791 4534 parem
840 4468 893 4517 Tua
904 4469 963 4517 tides
973 4467 1112 4532 conjugalis

293 4550 316 4591 ts
326 4542 465 4592 ostendisti:
483 4543 522 4593 vel
536 4559 616 4608 parem
630 4544 682 4609 ejus
693 4542 790 4592 demon·
874 4544 916 4591 25.
928 4541 1035 4604 Βοιιωιι]
1055 4537 1177 4589 Feminam
1188 4548 1212 4586 et
1227 4554 1336 4588 uxorem:

291 4616 394 4666 stronde
404 4618 550 4668 occasionem
564 4618 644 4668 hebes.
679 4618 768 4664 Bonu.
841 4615 883 4662 sed
895 4614 969 4663 virtus
979 4615 1004 4662 in
1016 4612 1095 4661 arduis
1105 4612 1216 4661 cernitur.
