3609 5967
482 768 548 840 cac
779 770 819 835 P.
843 766 1006 835 ovrnu
1029 713 1249 832 ursonis

784 1054 1110 1132 EPISTOLA
1145 1052 1236 1130 VII.

920 1264 1105 1331 A‘I'rlco.

488 1421 590 1498 Essa
609 1423 815 1497 salutatum
832 1422 914 1494 vult
929 1430 969 1494 te
987 1442 1073 1493 mea
1089 1418 1201 1493 litera
1217 1419 1379 1518 primurn

494 1523 498 1532 ’
536 1538 571 1611 Α
590 1539 689 1614 mule
707 1535 866 1638 pacatis,
885 1535 1026 1622 Attice,
1046 1534 1164 1609 missa
1182 1533 1304 1608 Getis.

485 1656 667 1730 Proxima
682 1652 938 1750 subsequitur,
955 1650 1048 1748 quid
1065 1673 1169 1748 agas,
1189 1649 1319 1725 audire
1336 1650 1534 1750 voluptas:

538 1770 589 1845 Et
605 1770 649 1858 si,
669 1768 852 1867 quicquid
870 1791 975 1864 agas,
995 1766 1045 1840 sit
1063 1766 1132 1839 tibi
1145 1789 1236 1841 cura
1253 1767 1340 1840 mei.

488 1888 573 1962 Nec
585 1886 717 1960 dubito
731 1885 823 1983 quin
836 1885 907 1973 sit;
928 1884 996 1959 sed
1010 1908 1072 1959 me
1083 1885 1194 1958 timor
1207 1883 1288 1983 ipse
1302 1886 1484 1960 malorum
1510 1890 1534 1961 5

539 2004 651 2103 Saepe
667 2025 921 2101 supervacuos
939 2002 1043 2099 cogit
1060 2001 1198 2078 habere
1217 2013 1353 2077 metus.

490 2120 552 2195 Da
566 2119 726 2207 veniam,
746 2142 889 2217 quaeso,
905 2119 1099 2217 nimioque
1116 2118 1270 2215 ignosce
1288 2118 1434 2195 timori:

537 2236 778 2336 Tranquillas
796 2236 912 2311 etiam
930 2235 1132 2333 naufragus
1150 2235 1277 2310 horret
1293 2259 1425 2333 aquas

491 2353 566 2439 Qui
585 2354 704 2428 semel
721 2363 781 2429 est
798 2353 911 2426 laesus
932 2351 1056 2426 fallaci
1073 2350 1189 2450 piscis
1207 2351 1256 2425 ab
1273 2350 1397 2437 hamo,

541 2469 732 2543 Omnibus
749 2491 848 2542 unca
865 2468 960 2542 cibis
979 2491 1055 2541 aera
1071 2468 1229 2542 subesse
1248 2475 1367 2565 putat.
1405 2519 1413 2526 a
1494 2471 1539 2539 lo

491 2585 605 2685 Saepe
623 2607 756 2659 canem
773 2585 886 2681 longe
904 2583 1026 2658 visum
1043 2581 1141 2679 sugit
1158 2606 1268 2678 agua,
1287 2582 1496 2681 lupumque

542 2701 687 2790 Credit,
707 2710 747 2776 et
764 2701 848 2800 ipsa
865 2725 972 2776 suam
990 2700 1120 2775 nescia
1135 2700 1229 2774 vitat
1246 2722 1371 2798 opem.

490 2811 667 2893 Membra
686 2816 932 2892 reformidant
949 2816 1103 2890 mollem
1122 2839 1277 2913 quoque
1304 2815 1435 2889 saucia
1460 2824 1539 2888 tac·

540 2933 726 3031 Vanaque
743 2931 916 3007 sollicitis
933 2931 1069 3006 incutit
1085 2932 1220 3005 umbra
1236 2940 1393 3005 metum.
1421 2933 1539 3028 [tumz

491 3049 556 3125 Sic
571 3074 643 3147 ego
659 3049 818 3123 fortunae
837 3049 924 3125 telis
941 3049 1115 3123 confixus
1133 3047 1286 3145 iniquis,
1495 3053 1540 3123 15

540 3165 702 3241 Pectore
719 3163 893 3263 concipio
911 3165 963 3238 nil
980 3164 1052 3238 nisi
1071 3153 1178 3240 triste
1197 3188 1295 3239 meo.

489 3279 513 3354 J
516 3304 581 3374 am,
595 3280 686 3355 mibi
700 3279 780 3355 sata
795 3280 918 3377 liquet
929 3290 1075 3380 coeptos
1093 3279 1282 3358 servantia
1294 3302 1427 3353 cursus

540 3396 617 3470 Per
633 3396 706 3470 sibi
724 3407 925 3472 consuetos
943 3420 1094 3494 semper
1110 3395 1210 3469 itura
1226 3394 1318 3469 vias.

490 3510 704 3586 Observare
723 3511 841 3601 Deos,
860 3513 1016 3612 nequid
1032 3513 1124 3587 mihi
1139 3513 1251 3587 cedat
1266 3510 1408 3600 amice;

540 3626 744 3727 Verbaque
761 3628 920 3704 fortunae
937 3631 1002 3704 vix
1019 3642 1113 3731 puto
1130 3654 1244 3730 posse
1260 3628 1353 3704 dari.
1490 3634 1541 3702 20

490 3821 533 3871 per
550 3815 618 3870 turgt
633 3806 750 3856 ludebant
764 3807 905 3858 volantium.
937 3810 991 3860 Au·
1040 3809 1129 3858 multra
1144 3824 1332 3875 mpemctneos
1345 3815 1423 3856 metus
1433 3806 1543 3855 bahem.

489 3879 565 3945 punio
586 3878 670 3928 laudat
688 3881 814 3946 Verpooet.
825 3883 940 3934 Ovidium
959 3884 990 3935 de
1040 3884 1138 3933 Mrcrr..

489 3952 550 4002 Arte
570 3951 596 4001 ii.
617 3953 674 4001 7³1.
696 3958 749 4002 coro
769 3958 899 4007 imm
924 3965 991 4009 ma
1076 3959 1114 4006 14.
1134 3957 1222 4006 lucitas
1237 3959 1318 4006 utra
1331 3954 1437 4018 m]
1455 3953 1539 4003 Scribo

493 4027 991 4097 lbitutodntmutdmulmroquo,
1040 4036 1144 4091 tam,-
1163 4042 1280 4089 terrm
1299 4035 1409 4087 nmen,
1427 4045 1541 4092 pawn,
1605 4027 1607 4030 ’

490 4099 789 4152 Cutil-Tristlssribfi.
816 4103 930 4156 Hesus
1040 4102 1543 4172 munimtmpmimtpndcioem·

1040 4195 1096 4228 nem
1106 4187 1131 4228 et
1142 4179 1244 4228 livium.
1271 4180 1361 4228 Herus.

522 4249 602 4300 &Sd
615 4252 987 4317 utinam-immae]
1075 4254 1114 4302 19.
1126 4253 1368 4309 Obscum-ellum
1381 4249 1457 4316 quia]
1479 4250 1543 4298 Puto

392 4315 399 4326 ⁸
490 4323 988 4391 Nondcprmsntibutmliomiliitau·
1041 4326 1294 4383 Deoeoboemre‚ne
1310 4324 1370 4391 quid
1385 4323 1543 4381 milriuuice,

490 4407 541 4447 turn
561 4398 752 4464 intelligendum,
772 4399 816 4448 seu
838 4399 869 4450 do
890 4401 989 4465 quibus·
1040 4400 1085 4450 boc
1101 4411 1267 4468 estproopeto
1285 4410 1359 4466 atque
1378 4398 1487 4456 feliciter,
1501 4397 1543 4447 αἱ

491 4487 612 4537 cumque;
630 4482 657 4523 ut
674 4473 706 4522 sit
724 4489 822 4523 sem:
842 4473 891 4523 Seu
912 4474 990 4532 timor,
1040 4474 1309 4539 dutesortmqucvis
1323 4491 1385 4537 pou
1399 4475 1544 4530 mundare

491 4560 539 4608 quo
549 4546 650 4596 subinde
666 4546 715 4595 ntia
725 4556 798 4613 atque
808 4547 858 4596 ulit
867 4548 938 4605 mals.
948 4563 990 4598 aa·
1041 4547 1086 4597 bot
1102 4558 1147 4606 est,
1159 4548 1247 4615 imponi
1257 4568 1264 4608 t
1283 4560 1309 4597 ut
1319 4550 1419 4598 verbum
1432 4557 1498 4609 puto,
1512 4545 1543 4594 ad

491 4633 538 4680 quc
559 4633 588 4667 ex
610 4621 674 4669 omni
694 4631 763 4687 porte
784 4621 865 4678 bueo,
885 4623 943 4672 lucit
965 4631 991 4672 ut
1041 4621 1247 4687 utrumqucoolon
1258 4622 1410 4672 adhibeatur.
1438 4621 1511 4670 Mn.
