3609 5967
524 765 590 832 338
821 762 859 827 Ρ.
882 760 1045 827 OVIDII
1069 759 1283 826 NASONIS

528 937 600 1012 His
617 963 736 1036 eques
754 939 960 1011 instructus
978 935 1178 1034 perterrita
1195 937 1333 1011 moenia
1348 937 1495 1027 lustrat,

579 1053 687 1129 More
705 1054 783 1153 lupi
801 1054 949 1127 clausas
968 1051 1196 1124 circueuntis
1215 1075 1317 1127 oves.
1526 1059 1576 1128 20

528 1169 580 1243 At
596 1171 714 1245 semel
731 1170 898 1244 intentus
916 1192 1027 1244 nervo
1044 1168 1137 1242 levis
1156 1193 1264 1242 arcus
1282 1170 1436 1267 equino,

578 1286 740 1360 Vincula
756 1309 906 1383 semper
919 1285 1063 1358 habens
1077 1285 1285 1375 irresoluto,
1304 1298 1444 1362 manet.

529 1401 650 1476 Tecta
665 1403 789 1498 rigent
805 1401 891 1474 fixis
910 1401 1024 1476 veluti
1042 1401 1180 1476 vallata
1196 1403 1357 1499 sagittis,

580 1517 774 1615 Portaque
786 1519 851 1590 vix
870 1517 978 1591 firma
994 1520 1192 1594 submovet
1209 1544 1312 1594 arma
1329 1543 1424 1596 sera.

529 1635 641 1710 Adde
656 1635 729 1709 loci
747 1635 895 1722 faciem,
910 1659 980 1710 nec
998 1635 1142 1724 fronde,
1161 1660 1231 1710 nec
1249 1638 1383 1711 arbore
1400 1636 1489 1722 laeti,
1526 1641 1573 1710 25

558 1762 561 1768 ’
581 1751 632 1824 Et
649 1752 751 1848 quod
769 1753 869 1824 iners
887 1751 1015 1849 hyemi
1033 1751 1273 1826 continuatur
1289 1754 1437 1850 hyems,

530 1867 605 1942 Hic
623 1893 685 1942 me
699 1879 931 1966 pugnantem
948 1892 1035 1942 cum
1050 1867 1198 1965 frigore,
1214 1893 1377 1966 cumque
1396 1867 1555 1964 sagittis,

581 1986 758 2082 Cumque
776 2009 861 2059 meo
878 1985 968 2072 sato,
989 1997 1125 2084 quarta
1140 1985 1273 2081 fatigat
1290 1985 1437 2083 hyems

529 2100 623 2176 Fine
632 2112 764 2176 carent
773 2103 961 2200 lacrymae,
970 2101 1043 2175 nisi
1057 2123 1175 2199 quum
1189 2111 1321 2200 stupor
1330 2099 1478 2174 obstitit
1487 2100 1571 2186 illis,

580 2215 632 2292 Et
648 2217 782 2290 similis
798 2218 909 2292 morti
926 2229 1082 2318 pectora
1098 2229 1226 2316 torpor
1243 2218 1370 2292 habet.
1526 2221 1574 2289 30

530 2330 697 2408 Felicem
716 2332 879 2422 Nioben,
898 2335 1071 2433 quamvis
1088 2346 1146 2410 tot
1162 2333 1295 2410 funera
1310 2333 1415 2420 vidit,

580 2447 676 2534 Quae
693 2451 819 2548 posuit
835 2475 1002 2540 sensum,
1021 2475 1138 2528 saxea
1155 2452 1266 2540 facta,
1285 2450 1394 2524 malil

529 2565 608 2639 Vos
627 2587 781 2663 quoque
797 2566 942 2656 felices,
961 2592 1121 2665 quarum
1140 2567 1343 2642 clamantia
1359 2565 1512 2640 fratrem

581 2681 734 2756 Cortice
749 2683 886 2757 velavit
904 2685 1066 2782 populus
1084 2707 1150 2758 ora
1167 2707 1275 2758 noro.

530 2795 602 2870 llle
619 2821 691 2894 ego
708 2822 805 2884 sum,
825 2799 970 2896 lignum
988 2800 1053 2897 qui
1072 2825 1148 2874 non
1166 2799 1343 2874 admittar
1358 2799 1398 2871 in
1414 2798 1554 2871 ullum:

580 2910 652 2987 llle
670 2936 740 3010 ego
759 2939 854 3003 sum,
873 2914 1013 2988 frustra
1030 2915 1096 3012 qui
1112 2915 1209 3017 lapis
1228 2939 1312 2990 esse
1330 2915 1454 2988 velim.
1527 2916 1574 2986 36

530 3027 623 3128 Ipsa
640 3027 804 3104 Medusa
820 3031 941 3104 oculis
958 3032 1083 3105 veniat
1100 3030 1189 3106 licet
1206 3031 1318 3105 obvia
1333 3029 1484 3117 nostris,

580 3143 743 3220 Amittat
758 3145 856 3220 vires
873 3145 958 3244 ipsa
976 3145 1141 3220 Medusa
1158 3169 1259 3220 suas.

562 3495 604 3544 33.
623 3494 689 3543 Mon
709 3496 890 3560 lupicinum]
919 3496 1030 3548 Orilibus
1079 3497 1144 3562 spud
1161 3511 1230 3546 urnas
1248 3511 1329 3546 sorum
1347 3495 1372 3544 in
1390 3494 1495 3562 lapidem
1509 3511 1575 3546 versa

530 3567 594 3618 enim
606 3568 693 3619 clausis
710 3569 868 3620 obambulans
884 3571 956 3638 lupus
973 3571 1030 3622 insi·
1080 3571 1184 3636 diriguit.
1205 3569 1290 3634 legito
1300 3569 1374 3618 ovid.
1385 3569 1483 3618 iuMst.
1492 3569 1535 3618 lib.
1543 3569 1575 3619 vi.

530 3643 669 3695 disrisolet.
1083 3647 1191 3702 van
1208 3645 1343 3708 torsissem
1363 3646 1431 3694 uidit.
1462 3643 1574 3702 Quemvis

563 3721 605 3769 33.
613 3719 689 3768 'l’setn
699 3717 777 3768 infixis
785 3720 879 3785 sagittis
889 3731 916 3770 et
926 3721 1031 3772 eminen-
1081 3719 1167 3769 viderit
1177 3727 1213 3768 tot
1221 3719 1282 3768 lilios
1292 3725 1404 3768 mortuus.

530 3793 595 3842 tibus
611 3809 695 3860 sspsrs
710 3802 810 3851 suntet
823 3795 860 3844 ba
876 3795 911 3845 its
926 3795 1029 3862 spetiem
1112 3795 1152 3842 33.
1175 3793 1217 3842 Vos
1235 3808 1320 3856 Μαι
1329 3791 1435 3857 fulica]
1456 3790 1575 3848 Hebudes,

531 3866 589 3914 rslli
599 3868 718 3916 referunt:
730 3867 761 3917 ds
767 3871 825 3932 fisis
835 3869 916 3918 conssr
926 3887 949 3918 v.
959 3870 1030 3918 Trist.
1079 3867 1105 3916 id
1118 3875 1163 3924 cst,
1175 3866 1237 3915 Solis
1243 3865 1314 3922 filins,
1325 3880 1415 3914 sorores
1423 3864 1576 3914 Phaethontis

532 3940 573 3989 sii.
594 3943 631 3990 17.
652 3943 726 3991 ovid.
740 3942 816 4009 Epist.
831 3943 864 3992 iv.
883 3945 938 3994 169.
958 3947 1031 3993 radiis
1080 3939 1153 3990 dicit:
1171 3955 1234 4005 qus,
1245 3937 1576 4004 tratemsionerajuxtsllri-

524 4016 630 4080 fisum
646 4016 748 4066 vallatus
768 4021 850 4067 scutis
869 4018 894 4066 h.
908 4033 932 4067 e.
951 4017 1030 4068 rndios
1079 4014 1167 4064 dunum
1184 4013 1345 4079 deplorantes,
1360 4028 1478 4062 conversa
1494 4012 1576 4062 dicun·

532 4089 606 4138 veluti
616 4090 691 4140 vallos
701 4107 715 4140 s
725 4091 801 4140 fronte
810 4091 971 4157 prominentes
985 4092 1029 4142 hs·
1078 4087 1153 4138 turin
1163 4088 1238 4145 aluos,
1246 4095 1273 4136 ut
1283 4087 1358 4136 voluit
1368 4088 1449 4137 Maro.

531 4163 599 4213 bens.
626 4164 739 4214 Hsnnss.
1112 4165 1152 4213 37.
1174 4161 1228 4226 lpsn
1247 4162 1344 4212 Medusa
1361 4162 1453 4226 centn]
1473 4161 1577 4212 Phorcus

565 4239 608 4287 29.
624 4237 678 4286 Nisi
689 4255 759 4301 qnam
774 4237 874 4301 stepen]
892 4238 947 4287 Nisi
957 4253 1031 4302 quum
1079 4251 1109 4286 ex
1120 4237 1197 4287 Gotho
1205 4237 1306 4302 conjuge
1316 4237 1457 4286 treshsbuit
1466 4237 1526 4286 lilius
1536 4253 1576 4287 ex·

532 4310 619 4360 mentis
627 4311 933 4377 torpor,etqunsiqusrdsm
940 4311 1028 4361 aliens-
1079 4310 1142 4360 imis
1157 4311 1350 4377 pulchritudinis,
1361 4311 1497 4378 Errrynltrm
1508 4312 1576 4362 Sthe·

530 4384 565 4434 tio
575 4399 591 4434 s
600 4401 679 4435 sensu.
1078 4383 1183 4443 nionem,
1194 4394 1218 4435 et
1229 4385 1365 4436 Medussnr.
1378 4387 1493 4436 Fabulam
1509 4387 1578 4437 refert

564 4459 606 4507 31.
630 4458 728 4508 Felicem
748 4457 856 4522 Nioben]
880 4458 960 4508 Niobe
979 4456 1031 4508 filia
1080 4459 1191 4518 Ovidius,
1201 4463 1263 4510 Met.
1274 4460 1317 4510 lib.
1327 4461 1360 4510 iv.

531 4529 578 4580 init
586 4531 682 4582 Tnntsli
691 4533 845 4599 ethygsts,
853 4547 959 4598 uxorque
970 4531 1028 4581 Am·
1112 4536 1155 4584 33.
1173 4536 1270 4584 Amtstst
1283 4551 1336 4584 suus
1349 4536 1428 4600 uim]
1450 4535 1514 4594 Qm
1532 4551 1578 4586 non

532 4603 634 4669 phionis.
666 4607 1029 4666 Qumstorbstnviroatfiliis,
1080 4609 1341 4660 munbitneinssxa.
