3609 5967
507 738 603 844 ras
802 778 840 846 Ρ.
865 779 1026 847 ovmn
1052 780 1265 895 uisurus

511 955 645 1030 Redde
662 955 803 1043 vicem;
833 967 883 1042 et,
903 956 1083 1054 quoniam
1101 958 1204 1055 regio
1222 956 1366 1033 felicior
1382 960 1458 1035 ista
1475 971 1550 1047 est,

561 1072 643 1145 lllic
660 1095 720 1145 me
738 1070 892 1148 memori
912 1082 1066 1169 pectore
1083 1096 1234 1172 semper
1251 1072 1363 1150 habe.

815 1546 1144 1621 EPISTOLA
1182 1546 1254 1622 XI.

960 1748 1103 1815 RUFO.

452 1920 459 1927 “
506 1904 597 1977 Hoc
616 1900 699 1988 tibi,
714 1898 827 1986 Rufe,
841 1899 945 1973 brevi
963 1911 1207 1999 properatum
1224 1912 1394 1999 tempore
1412 1902 1529 1976 mittit

555 2017 673 2106 Naso,
692 2041 825 2116 parum
841 2016 976 2091 faustre
993 2018 1165 2092 conditor
1183 2017 1298 2105 Artis,
1315 2040 1433 2117 opus:

506 2135 572 2223 Ut,
592 2158 811 2233 quanquam
827 2135 940 2230 longe
958 2143 1039 2207 toto
1057 2158 1187 2207 sumus
1204 2134 1295 2209 orbe
1312 2134 1458 2219 remoti,

554 2249 662 2325 Scire
680 2259 808 2323 tamen
825 2248 949 2348 possis
968 2273 1036 2324 nos
1053 2249 1270 2324 meminisse
1287 2249 1356 2322 tui.

504 2363 679 2442 Nominis
697 2377 784 2440 ante
801 2366 877 2440 mei
889 2366 1043 2442 venient
1059 2366 1198 2442 oblivia
1214 2365 1335 2452 nobis,
1526 2371 1551 2438 5

552 2480 716 2557 Pectore
733 2506 849 2581 qnam
866 2483 990 2582 pietas
1008 2483 1059 2558 sit
1074 2494 1140 2558 tua
1156 2484 1267 2583 pulsa
1282 2505 1379 2556 meo.

502 2595 554 2672 Bt
570 2598 676 2697 prius
693 2599 791 2673 hanc
809 2599 975 2674 animam
990 2623 1130 2674 vacuas
1148 2599 1351 2674 reddemus
1369 2596 1407 2671 in
1419 2598 1547 2682 auras,

553 2711 678 2797 Quam
695 2712 762 2788 fiat
779 2714 902 2789 meriti
919 2714 1040 2812 gratia
1055 2694 1153 2790 vana
1168 2715 1238 2789 tui.

501 2828 755 2905 Grandevoco
766 2832 954 2932 lacrymas
965 2833 1151 2919 meritum,
1160 2831 1300 2930 quibus
1310 2853 1374 2904 ora
1384 2829 1546 2927 rigabas,

550 2943 680 3029 Quum
697 2970 783 3022 mea
799 2959 980 3023 concreto
996 2949 1100 3023 sicca
1116 2948 1245 3023 dolore
1262 2945 1396 3021 forent.
1503 2949 1548 3018 10

500 3059 655 3138 Grande
669 3086 765 3137 voco
782 3064 970 3152 meritum,
990 3076 1134 3139 moestre
1152 3062 1287 3138 solatia
1304 3061 1454 3146 mentis,

549 3175 679 3262 Quum
695 3181 835 3279 pariter
853 3180 963 3254 nobis
980 3180 1046 3256 illa
1061 3180 1208 3278 tibique
1225 3178 1348 3252 dares.

499 3294 645 3393 Sponte
656 3295 823 3395 quidem,
835 3322 904 3397 per
914 3322 1032 3397 seque
1047 3321 1132 3373 mea
1141 3307 1201 3371 est
1213 3292 1414 3369 laudabilis
1427 3316 1542 3379 uxor;

547 3408 755 3486 Admonitu
774 3415 906 3488 melior
922 3415 966 3490 fit
982 3426 1110 3490 tamen
1127 3415 1193 3488 illa
1206 3425 1285 3486 tuo.

498 3522 677 3623 Namque
690 3528 794 3625 quod
808 3528 1035 3606 Hermiones
1047 3530 1186 3606 Castor
1203 3526 1285 3613 fuit,
1300 3523 1444 3600 Hector
1460 3523 1543 3613 Iuli,

548 3640 634 3717 Hoc
651 3666 724 3740 ego
741 3655 780 3717 te
796 3645 904 3718 laetor
918 3647 1090 3745 conjugis
1107 3669 1192 3720 esse
1210 3666 1319 3718 mere.
1501 3645 1545 3715 16

494 3934 997 4019 &meditamentum
1048 3950 1189 4004 rarum.
1221 3955 1546 4025 Μᾱὶωιιςὴμᾶω

494 4008 700 4095 3²90ka
732 4014 996 4085 ushramjan
1046 4024 1091 4075 ῑιω
1117 4036 1298 4096 namquo
1329 4034 1361 4082 ab
1388 4033 1447 4082 urbe
1473 4034 1543 4081 ὼ...

494 4085 997 4157 Dnhtqudoeti‚mflins,jm
1046 4113 1107 4150 mu,

494 4157 713 4225 npinmntudi.
740 4163 854 4214 Hunn-

1042 4512 1542 4616 mmummm'qammmu'

527 4606 709 4659 reama·
728 4611 790 4675 ι...]
813 4613 866 4662 τω
886 4613 993 4664 mut
1042 4616 1241 4683 mmmm
