3609 5967
477 756 544 821 320
771 757 1000 863 P4ovln11
1024 757 1238 827 NASONIS

479 931 516 1006 N
519 955 580 1005 am
597 931 699 1030 quod
716 955 808 1030 opes
827 942 955 1006 teneat
971 932 1123 1030 patrias,
1136 935 1241 1032 quod
1255 936 1407 1012 nomina
1419 938 1525 1028 civis,

492 1069 496 1076 ’
528 1047 704 1144 Denique
722 1047 824 1145 quod
841 1048 955 1135 vivat,
975 1073 1111 1122 munus
1128 1050 1269 1125 habere
1287 1051 1375 1127 Dei.

477 1165 532 1240 Te
549 1175 688 1251 tamen,
708 1162 750 1236 o!
778 1161 810 1235 si
830 1162 922 1260 quid
941 1164 1064 1247 credis
1082 1165 1173 1238 milri
1191 1167 1324 1254 carior,
1343 1166 1419 1256 ille,

528 1279 727 1366 Omnibus,
747 1277 786 1350 in
799 1288 880 1351 toto
896 1289 1051 1376 pectore
1069 1304 1220 1380 semper
1237 1281 1374 1358 habet:

477 1395 609 1492 Teque
627 1392 900 1480 Menoetiaden,
919 1405 958 1467 te
977 1394 1044 1492 qui
1060 1395 1253 1470 comitavit
1272 1396 1445 1487 Oresten,
1474 1406 1524 1474 25

525 1510 581 1585 Tc
598 1520 708 1584 vocat
725 1508 899 1605 AEgiden,
921 1508 1207 1608 Euryalumque
1226 1537 1359 1587 suum:

478 1626 561 1700 Nec
579 1625 740 1725 patriam
758 1624 878 1720 magis
897 1624 960 1698 ille
978 1650 1086 1700 suam
1103 1626 1306 1717 desiderat,
1326 1640 1365 1704 et
1382 1654 1468 1728 quae

525 1741 695 1815 Plurima
711 1765 798 1815 cum
816 1740 937 1839 patria
954 1741 1071 1815 sentit
1089 1742 1224 1816 abesse
1241 1767 1333 1833 sua;

477 1860 603 1945 Quam
618 1859 756 1946 vultus,
776 1858 982 1954 oculosque
1000 1869 1099 1945 tuos,
1118 1882 1141 1932 o
1158 1858 1305 1933 dulcior
1323 1860 1386 1935 illo

526 1974 657 2059 Melle,
677 1974 779 2071 quod
797 1973 836 2046 in
853 1972 950 2047 ceris
969 1972 1099 2049 Attica
1117 1974 1223 2073 ponit
1241 1976 1344 2075 apis!
1473 1982 1524 2052 30

478 2092 590 2191 Saepe
608 2090 736 2177 etiam,
754 2114 915 2165 moerens
933 2100 1085 2190 tempus
1103 2092 1353 2167 reminiscitur
1370 2092 1475 2180 illud,

526 2207 638 2291 Quod
657 2230 733 2280 non
751 2215 983 2304 praeventum
1002 2217 1122 2281 morte
1139 2207 1256 2283 fuisse
1272 2208 1387 2282 dolet.

477 2324 682 2421 Quumque
699 2323 762 2397 alii
779 2322 954 2418 fugerent
970 2323 1106 2397 subitae
1124 2326 1300 2420 contagia
1314 2323 1448 2411 cladis,

526 2441 609 2514 Nec
627 2440 767 2513 vellent
783 2440 869 2513 ictae
887 2440 1003 2514 limen
1016 2441 1120 2515 adire
1138 2441 1296 2528 domus;

475 2555 530 2631 Te
549 2553 633 2641 sibi,
648 2579 734 2628 cum
752 2555 883 2654 paucis
902 2556 1073 2630 meminit
1090 2556 1275 2631 memisse
1291 2555 1453 2644 fidelem,
1472 2560 1522 2630 35

527 2673 569 2746 Si
587 2696 728 2770 paucos
746 2672 882 2769 aliquis
901 2682 1024 2747 tresve
1042 2674 1184 2748 duosve
1202 2682 1322 2748 vocat.

475 2787 655 2873 Quamvis
674 2787 878 2874 adtonitus,
898 2788 1018 2863 sensit
1036 2797 1164 2863 tamen
1181 2788 1326 2877 omnia3
1355 2799 1494 2876 necte,

524 2905 576 2979 Se
595 2904 729 2990 minuS,
749 2904 916 2978 adversis
934 2905 1141 2979 indoluisse
1159 2906 1250 2979 suis,

473 3020 601 3095 Verba
617 3022 726 3106 solet,
738 3021 961 3117 vultumque
976 3031 1096 3107 tuum,
1111 3021 1352 3118 gemitusque
1371 3018 1519 3105 referre,

525 3136 576 3210 Et
592 3146 631 3210 te
645 3136 773 3223 flente,
794 3161 883 3210 suos
903 3136 1119 3211 emaduisse
1137 3136 1265 3210 sinus:
1473 3141 1522 3208 40

472 3252 597 3338 Quam
615 3253 687 3327 sibi
703 3252 934 3351 praestiteris,
955 3277 1032 3351 qua
1048 3254 1264 3328 consolatus
1281 3251 1446 3326 amicum

526 3368 587 3440 Sis
605 3393 690 3467 ope,
710 3369 887 3442 solandus
907 3394 1025 3467 quum
1043 3369 1153 3442 simul
1172 3368 1254 3468 ipse
1272 3367 1383 3444 fores,

474 3482 551 3556 Pro
569 3483 708 3580 quibus
734 3484 908 3557 adfirmat
928 3484 1006 3559 fore
1032 3509 1074 3559 se
1101 3507 1381 3581 memoremque
1400 3484 1522 3583 pium·

524 3598 611 3673 Sive
629 3599 730 3672 diem
747 3599 886 3687 videat,
906 3602 985 3678 sive
1002 3613 1151 3697 tegatur
1168 3602 1306 3677 humo:
1412 3603 1519 3699 [que,

504 3866 545 3912 25.
563 3863 642 3925 thai
656 3864 776 3911 comitatus
790 3863 907 3928 Orotan]
928 3865 970 3913 Co·
1021 3866 1096 3932 gignit
1105 3865 1230 3932 optimum.
1263 3866 1377 3913 linum.

471 3941 569 3986 unitatur
585 3936 705 3996 nonnulli3
721 3940 837 3985 comitavit
854 3938 972 4002 fragmen-
1053 3942 1094 3990 33.
1122 3938 1256 4005 contagia]
1291 3937 1521 3989 contemtionem.

471 4020 523 4060 tum
530 4009 682 4061 Vaticanum.
699 4010 763 4059 Vide
772 4020 841 4059 notas
850 4011 922 4060 Trist.
929 4011 972 4060 lib.
1021 4014 1105 4063 &alito
1116 4014 1196 4062 cladis.
1229 4011 1308 4061 Subiti
1318 4010 1404 4061 exsilii.

472 4086 488 4135 i.
500 4085 567 4150 Eleg.
577 4083 627 4132 viii.
637 4100 686 4133 rer.
697 4085 737 4133 31.
759 4085 850 4134 Harsa.
885 4085 971 4134 Menc-
1053 4089 1093 4137 tu.
1127 4085 1293 4148 immaduisse]
1335 4085 1375 4134 Sic
1402 4083 1521 4149 aucupati

473 4163 559 4209 dadau.
593 4158 786 4217 Amicissimum
802 4160 972 4215 otPatroclus.
1021 4163 1127 4211 Burme
1143 4168 1235 4226 septem
1251 4159 1326 4208 libris.
1363 4156 1476 4207 Heinsius
1491 4173 1521 4206 cr

472 4233 584 4283 Menoetii
594 4232 665 4289 lilius,
674 4232 764 4282 Achilli
776 4233 828 4283 tuit.
1021 4245 1074 4286 octo
1084 4235 1183 4286 dederat
1194 4237 1325 4291 muisis,
1332 4233 1401 4298 cujus
1410 4232 1476 4281 verbi
1485 4240 1521 4280 ta·

504 4310 545 4358 26.
570 4308 691 4373 Algidum]
719 4307 847 4365 Theseum,
872 4308 971 4358 Pirithoi
1021 4310 1213 4360 menauctoritas
1223 4306 1474 4358 Bormannonondam
1484 4322 1522 4354 n-

472 4386 584 4440 omicum,
597 4381 667 4445 AEgei
681 4381 765 4431 filium.
800 4382 972 4446 Euryalumque
1022 4385 1053 4434 tir
1068 4384 1136 4433 firma
1152 4392 1196 4432 est.
1217 4383 1249 4432 ci.
1261 4381 1294 4430 iii.
1306 4382 1330 4430 4.
1341 4380 1382 4429 37.
1396 4394 1433 4444 sq.
1453 4379 1524 4444 eleg.

471 4472 546 4506 mam.
579 4456 632 4505 Nisi
644 4464 669 4504 et
678 4455 775 4521 Euryali
784 4464 925 4506 amornotos
935 4466 972 4507 cat
1021 4462 1044 4509 6.
1057 4461 1095 4507 11.
1106 4474 1160 4523 sqq.
1193 4457 1307 4505 Harum.

472 4531 577 4579 carmine
590 4530 728 4595 virgiliano.
1023 4554 1028 4561 *
1052 4533 1093 4582 tt.
1107 4527 1336 4592 &adimamus-1
1353 4526 1411 4578 siva
1422 4525 1496 4577 visst.

504 4603 544 4651 ³0.
560 4603 648 4653 Attico
672 4620 747 4661 mons,
764 4604 899 4670 Hymettos,
921 4605 970 4655 mel
