3609 5967
656 1112 873 1188 PUBLIl
921 1110 1126 1186 OVIDII
1175 1112 1446 1189 NASONIS

874 1352 1228 1421 EPISTOLARUM

788 1582 834 1668 E
860 1583 905 1669 X
959 1582 1001 1669 P
1027 1580 1074 1673 Ο
1103 1584 1154 1672 Ν
1179 1584 1223 1671 Τ
1249 1582 1314 1675 0.

845 1816 981 1875 LIBER
1007 1810 1245 1877 SECUNDUS.

922 1967 1148 2080 P*—

876 2218 1066 2271 emenoni
1084 2219 1221 2271 enini.

789 2409 1084 2478 GERMANICO
1110 2411 1312 2478 CAESARI.

524 2578 617 2657 Huc
637 2606 792 2681 quoque
811 2583 979 2659 Caesarei
997 2586 1168 2685 pervenit
1184 2586 1286 2660 fama
1302 2586 1495 2687 triumphi,

574 2696 771 2795 Languida
787 2722 865 2797 quo
881 2699 972 2775 lessi
989 2700 1053 2774 vix
1069 2702 1173 2776 venit
1190 2726 1282 2776 aura
1300 2701 1405 2776 Noti.

523 2813 589 2888 Nil
606 2814 686 2890 fore
702 2816 816 2890 dulce
833 2814 926 2889 mihi
946 2816 1130 2915 Scythice
1146 2816 1299 2914 regione
1317 2820 1458 2916 putavi.

572 2929 660 3004 Jem
678 2931 802 3005 minus
818 2930 987 3006 hic'odio
1006 2942 1078 3019 eet,
1095 2956 1211 3031 quam
1228 2932 1300 3006 fuit
1317 2943 1417 3019 ante,
1434 2934 1552 3008 locus.

521 3046 693 3122 Tandem
711 3047 867 3146 aliquid,
883 3048 995 3147 pulsa
1011 3072 1186 3123 curarum
1203 3051 1316 3138 nube,
1336 3073 1511 3125 serenum
1548 3054 1570 3124 5

571 3164 682 3254 Vidi3
711 3164 870 3239 fortunoe
887 3167 1003 3240 verba
1019 3165 1186 3263 dedique
1204 3189 1311 3240 meae.

522 3279 559 3355 N
562 3282 631 3356 olit
645 3291 688 3356 ut
703 3282 780 3357 ulla
797 3281 887 3356 mihi
901 3283 1120 3380 contingere
1137 3280 1279 3379 gaudie
1296 3280 1447 3369 Caesen

571 3395 680 3473 Velle
696 3409 824 3497 potest
840 3399 960 3475 cuivis
977 3401 1058 3473 haec
1076 3409 1204 3474 tame‘n
1223 3423 1298 3473 una
1314 3398 1409 3471 dari.

522 3512 573 3588 Dl
590 3537 756 3612 quoque,
775 3525 817 3589 ut
835 3540 858 3589 a
875 3518 1022 3590 eunctis
1040 3515 1147 3590 hilari
1165 3515 1308 3615 pietate
1325 3516 1509 3601 colantur,

570 3628 779 3714 Tristitiam
796 3633 886 3730 poni
904 3656 971 3731 per
989 3657 1058 3707 sua
1074 3632 1172 3707 festa
1183 3632 1334 3730 jubent.
1527 3634 1571 3702 10

554 3810 576 3858 1.
588 3808 643 3857 Huc
659 3826 752 3873 quoque,
763 3810 822 3873 dtu]
841 3809 958 3876 Disputat
974 3810 1020 3860 hoe
1069 3824 1141 3865 anno,
1155 3824 1203 3873 quo
1218 3807 1270 3859 line
1287 3822 1302 3857 e
1318 3814 1391 3872 poem
1405 3804 1496 3871 eeiiple
1508 3815 1572 3865 eunt,

519 3882 572 3932 loco
591 3883 696 3940 Merula,
712 3883 744 3934 de
759 3884 880 3935 'liberiine
900 3883 1019 3941 ovatione,
1068 3892 1151 3947 gestus
1161 3883 1214 3939 luit,
1224 3880 1331 3948 proximo
1340 3880 1432 3930 scilieet
1442 3888 1500 3930 ante
1511 3896 1572 3930 mor-

519 3970 551 4005 an
570 3955 601 4005 de
618 3956 756 4007 Germanici
784 3958 912 4023 triumpho,
935 3959 1021 4023 Elegn
1069 3967 1118 4008 tem
1139 3956 1259 4022 Augusti:
1281 3956 1307 4005 id
1328 3956 1392 4021 qnod
1413 3970 1443 4004 ex
1464 3956 1572 4004 Suetonii

518 4030 571 4079 hoc
591 4029 749 4095 intelligenda
766 4033 806 4081 eit.
838 4031 937 4097 Sexipeil
956 4032 1020 4081 enim
1067 4032 1147 4081 Tiber.
1168 4031 1202 4080 ix.
1226 4028 1353 4095 colligitur.
1393 4031 1425 4079 Et
1443 4029 1501 4079 vide
1522 4030 1573 4093 Mi-v

518 4103 655 4154 hocOvid.
670 4105 844 4171 pmximoente
861 4104 953 4154 obitum
967 4105 1019 4154 Au·
1068 4106 1159 4172 cyllum
1180 4105 1228 4155 hnc
1252 4105 1284 4154 de
1307 4120 1333 4153 re
1356 4104 1428 4154 letius
1452 4104 1572 4153 diseren-

518 4170 585 4246 μὴ’
599 4195 670 4238 enno,
681 4195 756 4245 quum
770 4180 821 4246 jem
834 4178 1018 4244 quadriennium
1069 4188 1127 4229 tem.
1149 4195 1153 4203 “

517 4253 629 4305 inPonto
640 4254 730 4304 luunt,
751 4252 861 4304 ‘libellus
872 4260 1018 4303 eutemove·
1099 4257 1127 4321 β.
1146 4255 1189 4303 Vix
1204 4254 1287 4318 venie]
1306 4252 1353 4302 Vix
1371 4250 1466 4301 accedit
1476 4269 1484 4311 ;
1503 4255 1572 4317 quui

518 4328 1042 4396 vitpmx.poelcledemVerinnem,enno'
1069 4327 1142 4386 dieat,
1161 4328 1187 4377 in
1207 4327 1340 4393 Scythiam,
1357 4342 1405 4392 quo
1426 4323 1466 4374 vix
1486 4336 1573 4378 ventus

518 4403 589 4454 tertio
606 4413 734 4469 antequem
749 4403 801 4452 hee
814 4402 845 4451 eb
855 4401 945 4451 Ouidio
961 4403 1017 4455 ecri-
1069 4402 1148 4453 Notus
1163 4411 1241 4469 potest
1251 4401 1382 4469 pervenite,
1394 4400 1497 4450 necessit
1508 4402 1573 4450 lama

518 4476 645 4538 heremum
665 4476 690 4527 id
711 4476 776 4542 quod
796 4492 826 4526 ex
845 4476 958 4525 Suetonio
976 4476 1018 4525 ed·
1069 4476 1171 4527 unsaris
1182 4474 1304 4541 triumphi.

395 4574 408 4583 -
518 4559 594 4614 puel.
626 4554 658 4601 Et
674 4551 706 4601 de
717 4549 836 4617 tn'umpho
846 4548 951 4615 Illyrico,
962 4550 1018 4599 Ele-
1101 4550 1125 4599 6.
1137 4550 1245 4599 Fortuna
1256 4548 1521 4613 uerludediquem]
1542 4548 1573 4597 m

519 4622 583 4688 giem
602 4624 664 4675 hene
686 4624 849 4691 intelligimus,
870 4624 913 4689 qui
933 4624 1018 4675 eudem
1068 4623 1153 4689 decepi
1164 4626 1281 4675 fortunam
1293 4638 1379 4673 meum.
