3609 5967
483 758 549 824 2⁷8
775 757 813 823 P.
839 753 1002 820 OVIDII
1026 753 1239 820 NASONIS

828 1074 1082 1148 ELEGIA
1115 1072 1191 1147 III.

486 1278 653 1351 Munus
666 1277 864 1374 minorque
874 1274 1252 1372 serae‚quorum'regis
1262 1274 1535 1364 uteraGraian

534 1394 667 1469 Altera
683 1391 872 1479 Sidonias,
892 1402 1054 1489 utraque
1072 1389 1186 1479 sicca,
1207 1402 1332 1480 rates3

486 1508 626 1582 Omnia
643 1532 760 1606 quum
779 1531 928 1581 summo
946 1506 1079 1605 positae
1097 1507 1258 1582 videatis
1277 1508 1315 1581 in
1333 1530 1417 1594 axe,

536 1625 587 1700 Et
603 1626 716 1699 maris
735 1625 915 1698 occiduas
931 1648 1008 1698 non
1025 1623 1194 1711 subeatis
1212 1649 1353 1722 aquas3

485 1743 768 1839 AEtheriamque
787 1742 864 1815 suis
883 1742 1040 1838 cingens
1059 1740 1299 1839 amplexibus
1317 1763 1457 1828 arcem,
1511 1744 1534 1813 5

534 1858 672 1932 Vester
688 1857 737 1931 ab
755 1858 899 1932 intacta
915 1858 1078 1931 circulus
1097 1865 1225 1935 exstet
1241 1857 1378 1945 hum03

484 1972 683 2073 Adspicite
700 1970 776 2059 illa,
789 1996 933 2071 precor,
947 1978 1033 2070 quae
1051 1995 1127 2045 non
1145 1971 1243 2046 bene
1260 1972 1398 2047 moenia
1414 1994 1534 2070 quon-

534 2089 685 2193 Dicitur
703 2087 845 2163 Iliades
863 2086 1099 2163 transiluisse
1119 2086 1285 2162 Remus:
1429 2087 1533 2182 [dam

485 2204 609 2303 Inque
626 2227 750 2278 meam
768 2203 908 2277 nitidos
926 2202 1119 2297 dominam
1137 2203 1347 2277 convertite
1364 2203 1502 2290 vultus,

536 2319 672 2417 Sitque
690 2343 834 2395 memor
851 2320 969 2393 nostri
987 2343 1120 2407 necne,
1140 2319 1276 2397 referte
1293 2319 1397 2394 mihi.
1489 2323 1534 2393 10

483 2434 572 2511 Heu
589 2435 702 2509 mihi!
719 2459 798 2521 cur,
811 2436 969 2510 nimium
987 2460 1072 2534 quae
1086 2446 1174 2509 sunt
1187 2435 1397 2522 manifesta,
1410 2435 1532 2533 requi-

534 2551 614 2625 Cur
626 2551 730 2626 labat
744 2550 922 2648 ambiguo
940 2576 1029 2651 spes
1047 2552 1140 2626 mihi
1155 2552 1269 2626 mista
1283 2552 1412 2627 metui
1448 2551 1531 2647 [rol

484 2666 610 2744 Crede
629 2668 732 2763 quod
750 2678 820 2755 est,
838 2669 940 2767 quod
958 2670 1027 2755 vis,
1047 2692 1092 2744 ac
1110 2669 1242 2743 desine
1259 2679 1341 2743 tuta
1357 2670 1497 2755 vereri;

535 2783 672 2880 Deque
690 2783 765 2858 fide
783 2795 889 2859 certa
905 2784 955 2857 sit
972 2784 1040 2858 tibi
1054 2796 1159 2859 certa
1175 2785 1292 2861 fides:

482 2898 672 2997 Quodque
692 2900 778 2998 polo
796 2900 882 2974 fixae
901 2911 1098 2998 nequeunt
1115 2900 1185 2974 tibi
1203 2901 1331 2977 dicere
1344 2901 1518 2988 flammae,

533 3014 622 3090 Non
640 3016 846 3091 mentitura
862 3027 904 3091 tu
922 3016 993 3091 tibi
1009 3041 1102 3091 voce
1121 3017 1238 3092 refer:
1487 3021 1531 3092 16

482 3129 580 3206 Esse
598 3131 653 3206 tui
672 3155 891 3218 memorem,
911 3132 960 3206 de
978 3156 1056 3231 qua
1072 3132 1140 3206 tibi
1159 3132 1326 3206 maxima
1341 3155 1433 3207 cura
1449 3142 1528 3221 est;

532 3246 722 3346 Quodque
740 3259 879 3348 potest,
896 3273 1026 3324 secum
1046 3274 1183 3332 nomen
1201 3250 1341 3324 habere
1359 3259 1480 3326 tuum.

516 3430 539 3477 1.
557 3428 646 3496 Magno
662 3432 802 3497 minumum]
827 3433 890 3483 Una
907 3431 984 3482 minor
1034 3433 1122 3481 ticum:
1144 3429 1187 3496 qui
1200 3427 1304 3479 &rodus
1320 3437 1358 3478 eu
1372 3427 1532 3486 trevisinus.

481 3502 603 3567 Cynosura
622 3501 729 3562 dicitur3
746 3505 829 3570 major,
846 3505 936 3556 Helico.
959 3505 982 3555 A
1032 3506 1064 3555 ab
1082 3503 1150 3555 Ursis
1167 3502 1311 3560 numium,
1326 3518 1381 3568 qum
1397 3512 1454 3553 suut
1468 3510 1532 3552 uun

479 3575 636 3626 Phoenicibus
649 3574 798 3642 potissimum
809 3579 934 3644 Cynosura
946 3580 982 3630 in·
1033 3579 1114 3633 vicina
1121 3578 1176 3644 polo
1186 3576 1384 3643 septemtrionali,
1395 3584 1467 3642 atque
1477 3576 1533 3627 ideo

479 3658 516 3701 ter
533 3649 695 3717 navigandum
708 3651 891 3701 obaewamtur:
909 3653 983 3704 Sidon
1033 3661 1157 3719 noqueunt
1175 3650 1308 3701 occidendo
1328 3659 1416 3701 terum
1436 3650 1531 3701 coutin-

479 3726 569 3791 quippe
585 3724 611 3773 in
622 3724 763 3774 Phoeniciu
780 3726 856 3791 major
870 3734 982 3777 autema
1032 3745 1096 3794 gere.
1116 3728 1195 3779 Pour.

480 3798 580 3848 Grecis.
591 3801 672 3849 Post.
696 3799 799 3865 Utroque
808 3803 877 3850 sicco
888 3802 982 3851 Neutra
1064 3807 1088 3857 Β.
1102 3803 1211 3868 lituum]
1223 3802 1277 3852 Ilio
1288 3801 1360 3852 filius.
1377 3801 1468 3853 unua.

479 3872 610 3931 occumbit,
621 3889 666 3923 noc
677 3873 702 3923 in
712 3875 837 3924 Oceanum
848 3874 981 3951 descendit.
1064 3878 1088 3928 9.
1103 3875 1135 3927 Ia
1152 3894 1225 3928 namn
1239 3875 1375 3940 domim]
1404 3876 1435 3925 ln
1454 3890 1532 3926 menni

479 3946 552 3996 Mus.
866 3980 870 3991 ·
935 3970 940 3977 ’
1031 3968 1138 4002 nomm.
1164 3951 1354 4005 Nitidusultur.
1365 3950 1465 4018 Propter
1473 3950 1532 4001 utel·

512 4036 553 4069 vv.
565 4022 590 4078 4,
604 4024 629 4071 5.
646 4021 833 4087 Verpoortenius
846 4023 898 4091 jam
918 4025 980 4075 bene
1030 4027 1106 4077 larum
1117 4026 1225 4082 nitorem,
1236 4041 1285 4097 quo
1291 4025 1352 4075 nihil
1362 4023 1468 4075 nitidius.

478 4092 513 4143 sic
529 4093 696 4159 interpretatus
712 4104 762 4144 est:
781 4096 859 4151 Qum
876 4100 980 4148 eireutm
1064 4103 1102 4150 12.
1113 4100 1211 4165 Muta]
1233 4100 1289 4150 Non
1299 4099 1380 4158 videm
1396 4116 1439 4150 cur
1457 4099 1531 4150 Hein-

478 4176 558 4224 ωιτη,
569 4183 641 4232 quem
655 4176 720 4216 motu
734 4168 820 4218 diurno
834 4169 978 4229 describitis,
1028 4175 1077 4226 cius
1093 4179 1155 4226 victu
1170 4185 1232 4225 metu
1243 4174 1326 4225 malit:
1343 4190 1400 4224 uam
1414 4190 1444 4224 ne
1456 4174 1530 4224 ullum

478 4250 557 4299 exstet,
568 4243 680 4299 emineat,
691 4243 799 4292 elevatus
808 4243 840 4292 sit
849 4261 920 4308 supro
932 4256 978 4295 ter·
1028 4248 1126 4313 quidem
1138 4258 1217 4299 metm
1229 4248 1361 4298 scintillam
1374 4247 1442 4313 quasi
1453 4247 1543 4298 videre·

478 4332 650 4374 mamercum
669 4317 859 4383 tungot,quippe
873 4318 916 4384 qui
929 4338 977 4368 um·
1029 4321 1193 4388 voluitpoeta.
1217 4322 1331 4372 litatus.

476 4391 580 4451 pleribus
595 4394 651 4446 mir,
667 4389 684 4439 i.
693 4407 715 4440 e.
732 4390 833 4447 ambitu,
852 4393 909 4442 orbe
926 4410 977 4451 suo,
1038 4397 1102 4459 517.
1113 4396 1252 4462 Amplector
1265 4411 1321 4446 cum
1334 4395 1474 4445 normanno
1484 4394 1532 4445 Pu·

478 4471 571 4513 tantum
589 4463 646 4513 coeli
667 4479 783 4513 summam
806 4474 906 4535 panem?
924 4468 979 4533 polo
1028 4470 1093 4518 muni
1106 4469 1233 4520 lectionem
1246 4474 1275 4521 de
1292 4488 1350 4535 quo:
1367 4469 1472 4536 maxima
1485 4468 1532 4519 sei·

478 4535 582 4586 dunum
593 4536 734 4603 mugitum
743 4536 855 4587 includit.
867 4539 980 4590 Huius
1030 4543 1088 4594 licet
1113 4559 1171 4594 cura
1192 4550 1237 4601 est,
1256 4559 1287 4594 an
1315 4544 1351 4593 tui
1377 4541 1408 4593 sit
1435 4558 1532 4594 memor.

511 4610 817 4675 emmerammo]
831 4611 916 4663 Polum
928 4629 979 4664 arc·
1030 4617 1143 4675 Hennes.
