3609 5967
442 649 487 715 82
726 648 766 713 P.
789 645 952 714 OVIDII
975 646 1189 713 NASONIS

448 820 610 897 Nomine
626 831 820 922 suspectas
832 822 912 917 jam
929 820 1079 919 spiritus
1097 818 1177 894 exit
1192 816 1377 897 in'auras:

499 935 621 1012 Labor
636 935 693 1009 iiii
720 937 807 1010 card
824 934 966 1009 lumina
981 935 1102 1009 conde
1119 958 1244 1010 manu.

447 1051 519 1126 Ille
536 1052 619 1125 sinu
635 1052 795 1126 dominae
812 1051 1006 1125 morientia
1021 1073 1178 1149 corpora
1194 1061 1327 1125 moesto

500 1166 692 1257 Sustinet;
721 1179 761 1241 et
775 1166 937 1241 lacrimis
952 1168 1106 1241 vulnera
1122 1190 1222 1241 saeva
1237 1167 1349 1243 lavat.

450 1279 554 1369 Exit,
572 1291 622 1371 et,
641 1282 790 1358 incauto
807 1280 1000 1381 paullatim
1016 1291 1169 1380 pectore
1185 1282 1326 1381 lapsus,
1408 1286 1482 1357 745

500 1397 699 1497 Excipitur
714 1399 839 1474 miseri
856 1397 1008 1496 spiritus
1025 1421 1089 1472 ore
1105 1397 1186 1472 viri.

453 1510 531 1588 Sed
542 1524 756 1614 repetamus
768 1515 850 1591 iter.
865 1513 975 1587 nudis
988 1514 1080 1587 mihi
1090 1514 1203 1607 rebus
1214 1513 1400 1612 agendum
1412 1523 1484 1598 est,

502 1627 558 1703 Ut
573 1639 703 1727 tangat
718 1641 847 1729 portus
864 1628 965 1703 fessa
980 1628 1107 1703 carina
1123 1653 1224 1703 suos.

455 1741 610 1819 Scilicet
625 1755 837 1844 exspectes,
856 1745 947 1818 dum
965 1753 1003 1817 tc
1020 1742 1060 1816 in
1075 1743 1244 1819 convivia
1259 1743 1408 1829 ducam,

505 1858 556 1933 Et
568 1884 713 1959 qnaeras
725 1861 887 1934 monitus
899 1860 970 1933 hac
984 1882 1135 1957 quoque
1145 1869 1250 1957 parte
1264 1859 1389 1934 meost
1416 1861 1489 1931 750

459 1972 553 2048 Sera
567 1977 673 2065 veni;
702 1977 902 2075 positaque
918 1976 1058 2049 decens
1075 1974 1208 2049 incede
1224 1976 1390 2050 lucernd.

508 2088 626 2164 Grata
642 2116 745 2166 mora
761 2101 820 2166 est
831 2091 989 2165 Veneri:
1017 2092 1182 2166 maxima
1198 2092 1284 2166 lena
1299 2114 1403 2166 mora
1419 2099 1489 2165 est.

458 2202 542 2279 Etsi
559 2207 679 2307 turpis
696 2209 782 2295 eris,
800 2207 963 2283 formosa
978 2207 1154 2281 videbere
1170 2207 1292 2305 potis:

510 2319 561 2394 Et
577 2322 738 2397 latebras
756 2322 854 2397 vitiis
871 2347 947 2396 nox
963 2322 1079 2395 dabat
1094 2322 1178 2420 ipsa
1193 2322 1282 2397 tuis.

461 2435 586 2537 Carpe
602 2438 707 2513 cibos
725 2438 872 2536 digitis;
901 2448 960 2514 est
976 2437 1156 2537 quiddam
1172 2448 1301 2535 gestus
1319 2438 1475 2513 edendi:

510 2552 589 2626 Ora
605 2577 675 2629 nec
692 2554 884 2628 immundd
900 2562 980 2627 tota
997 2575 1189 2651 perungue
1205 2577 1331 2627 manu.
1422 2558 1495 2629 756

463 2667 570 2743 Neve
586 2668 688 2743 domi
703 2662 889 2769 praesume
906 2671 1045 2768 dapes:
1073 2678 1113 2743 et
1128 2668 1269 2755 desine,
1288 2669 1382 2744 citra

513 2782 636 2869 Quam
653 2786 780 2885 capies
797 2787 937 2886 paullo,
957 2807 1071 2884 quam
1088 2794 1196 2883 potes
1213 2808 1309 2873 esse,
1327 2786 1464 2860 minus.

498 2983 553 3033 ⁷45.
570 2983 645 3041 Disit,
653 2984 793 3047 stimate]
810 2982 896 3051 Scripti
904 2999 959 3032 cnm
1007 2999 1070 3031 mors
1079 2992 1112 3031 est
1124 2982 1221 3032 Veneris.
1229 2999 1291 3032 unns
1299 2984 1433 3035 Vaticanus
1446 3002 1501 3037 cum

464 3056 546 3124 primis
564 3057 705 3107 editionibus
721 3057 776 3107 huic
795 3056 896 3107 disticho
922 3072 959 3106 se·
1007 3055 1503 3122 pumtsmuons‚omrams11mmm.

465 3147 541 3197 quens
550 3138 696 3197 praeponunt,
707 3129 752 3179 llis
761 3133 814 3179 rins
822 3134 926 3179 maine.
935 3138 961 3179 et
1007 3146 1055 3179 non
1065 3130 1136 3179 male.
1168 3130 1215 3180 Sed
1229 3131 1317 3180 rectius
1331 3132 1503 3198 Neapolitanus

466 3212 539 3255 recte.
547 3204 617 3252 modo
629 3219 671 3269 pro
683 3204 879 3261 ceremonias
895 3204 960 3253 Erit.
1008 3220 1062 3253 cnm
1070 3203 1451 3261 osvalcantianossrmmar
1461 3208 1503 3257 Ve-

468 3285 498 3327 ut
515 3276 546 3326 sit
564 3276 673 3340 repetitio
691 3277 814 3326 verborum
834 3277 960 3327 Procridis.
1009 3280 1068 3326 neri.
1077 3270 1166 3327 timis.
1182 3279 1233 3343 Ego
1243 3278 1340 3327 mallem
1347 3279 1505 3346 distinguere:

469 3350 570 3399 Namsd
580 3348 685 3397 disirhic
695 3347 774 3398 locum
783 3349 962 3407 nonhabetet-
1044 3351 1238 3401 Gratamoeaest.
1260 3352 1445 3403 Veserimsss'sss
1454 3357 1507 3404 less

470 3422 534 3474 siin
547 3420 656 3471 omnibus
673 3421 776 3487 antiquis
790 3423 856 3471 libris
868 3423 963 3487 legitur.
1075 3440 1137 3472 mors
1147 3433 1187 3473 est.

470 3494 535 3563 quod
551 3510 606 3544 cunr
618 3494 725 3545 viderent
739 3505 887 3552 correctores,
901 3496 963 3546 ordi·
1012 3497 1053 3548 Aa
1066 3497 1240 3548 conciliandam
1252 3498 1371 3548 Venerem
1384 3514 1450 3550 mors
1464 3517 1507 3569 ap-

470 3586 527 3620 nem
548 3584 658 3617 vamum
682 3567 834 3619 inverterunt.
875 3569 965 3620 Huius.
1012 3570 1175 3622 tiesimslena.

472 3646 531 3695 torte
537 3642 673 3708 legendum,
682 3645 746 3700 visit,
756 3652 783 3692 ut
792 3660 855 3711 saepe
862 3643 964 3709 loquun·
1047 3646 1103 3695 755.
1114 3645 1155 3694 Est
1162 3647 1336 3711 quidsmgestass
1343 3645 1446 3709 edendi]
1458 3646 1509 3697 Diu

469 3725 509 3768 tur
518 3724 618 3767 veteres.
751 3769 754 3775 „
1015 3718 1124 3783 estquod
1135 3717 1183 3767 vidi
1196 3721 1303 3781 quiddam
1317 3720 1398 3784 reponi
1412 3719 1509 3770 debere.

507 3792 563 3840 747.
577 3791 620 3839 Sed
635 3799 761 3852 repetamus
772 3792 824 3840 iter.
840 3794 909 3841 sudis
923 3795 967 3841 mi·
1015 3791 1046 3840 ad
1057 3791 1120 3840 bunc
1130 3790 1216 3840 mendi
1225 3798 1317 3855 gestum
1325 3790 1406 3841 referri
1416 3799 1513 3858 possent

475 3866 572 3913 limbus
579 3866 693 3928 sigurdum
702 3863 754 3926 est]
766 3863 851 3930 Scripti
860 3864 968 3931 plerique
1015 3866 1058 3915 illa
1071 3866 1176 3921 Senem,
1186 3863 1293 3930 Epistola
1302 3881 1327 3914 v.
1338 3864 1401 3923 Eur,
1407 3869 1447 3930 pus·
1453 3883 1512 3932 grn-

476 3936 616 4003 comprimi
625 3935 741 3986 editione:
1016 3941 1060 3989 das
1069 3947 1214 4001 mundar
1225 3939 1514 3990 bnecnsedestisobsaruet.

509 4010 754 4074 Sednpetwsusopus.
765 4013 971 4063 mdissdisrebrs
1017 4014 1062 4062 nisi
1078 4012 1157 4077 potins
1173 4012 1207 4061 ibi
1222 4011 1337 4061 exciderit
1356 4028 1402 4061 vax
1420 4013 1513 4077 alique,

573 4086 673 4134 eandum
683 4092 723 4132 est.
1017 4086 1075 4153 quis
1093 4085 1143 4150 agit
1157 4084 1188 4135 de
1203 4101 1309 4136 ammone
1323 4093 1348 4135 et
1361 4086 1473 4142 clamore,
1487 4093 1515 4136 et

476 4160 579 4209 Frustra.
594 4154 841 4205 Rutiliusltinerario:
1018 4158 1146 4225 legendum
1156 4158 1195 4215 sit,
1206 4161 1285 4208 deseces
1298 4176 1369 4208 nocem
1379 4161 1465 4208 emus
1475 4161 1514 4207 oo·

512 4232 972 4294 Carmisspropositojsmrepetomasiter.
1019 4242 1098 4282 mur.
1130 4232 1219 4282 Bonas.
1345 4258 1350 4267 ·

848 4304 939 4355 Herus.
1053 4306 1109 4355 767.
1126 4305 1188 4355 Neue
1213 4308 1272 4355 dorni
1294 4321 1402 4367 pram
1425 4304 1515 4370 ἄωροι]

512 4381 568 4430 752.
591 4378 666 4427 Grata
684 4394 746 4425 mors
764 4377 858 4442 asaia]
880 4378 973 4430 Veniens
1021 4377 1161 4435 Gronovius,
1170 4377 1196 4428 iu
1206 4379 1269 4428 notis
1277 4378 1309 4428 ed
1318 4377 1380 4428 livii
1389 4377 1433 4429 lib.
1443 4394 1518 4429 xxxv.

480 4452 572 4518 Regius
586 4460 612 4502 et
627 4461 726 4517 quatuor
744 4450 795 4502 alii.
810 4467 878 4511 unus,
897 4453 973 4505 Grais
1021 4451 1214 4518 cep.ll.primar
1224 4451 1347 4504 editionis:
