3609 5967
476 768 546 833 Ex
572 765 735 833 ΡΟΝΤΟ
760 762 851 830 LIB.
871 764 898 830 l.
923 765 1070 833 EPIST.
1088 768 1157 833 IX.
1274 768 1340 837 389

287 938 370 1016 Nec
387 941 560 1016 dubitem
577 940 700 1037 longis
715 944 879 1038 purgare
893 938 1083 1038 ligonibus
1097 964 1197 1031 arva,

337 1054 387 1130 Et
399 1058 501 1144 dare,
516 1079 614 1159 quas
627 1054 760 1129 sitiens
773 1054 969 1129 combibat
983 1055 1126 1144 hortus,
1139 1080 1273 1155 aquas.
1288 1064 1338 1134 60

286 1170 410 1260 Unde,
422 1172 573 1247 sedhoc
584 1172 706 1259 nobis,
715 1170 912 1244 minimum
924 1194 1020 1269 quos
1031 1170 1129 1246 inter
1138 1184 1178 1248 ct
1187 1174 1337 1249 hostem

335 1286 551 1363 Discrimen
567 1312 699 1362 murus
717 1288 924 1386 clausaque
942 1297 1053 1387 porta
1067 1286 1185 1364 faciti

282 1400 336 1477 At
352 1403 422 1477 tibi
436 1404 620 1491 nascenti,
640 1403 745 1502 quod
760 1415 841 1479 toto
859 1396 1015 1503 pectore
1032 1404 1150 1492 laetor,
1183 1432 1190 1441 ·

335 1517 485 1594 Nerunt
501 1518 636 1595 fatales
653 1520 763 1594 fortia
779 1520 844 1594 iila
862 1520 968 1595 Deae.
1286 1528 1334 1597 64

282 1633 339 1709 Te
356 1636 471 1712 modo
487 1652 645 1735 campus
663 1638 791 1724 habet,
807 1637 928 1711 densa
944 1637 1057 1711 modo
1070 1636 1238 1735 porticus
1254 1662 1334 1711 um-

313 1749 461 1839 ‚Nunc‚
473 1753 512 1826 in
522 1778 598 1850 quo
616 1778 736 1852 ponas
747 1764 919 1852 tempora
933 1777 1028 1839 rara,
1040 1752 1186 1853 sorum..
1229 1755 1331 1850 [bra3

284 1866 444 1942 Umbria
459 1892 561 1942 nunc
578 1853 750 1960 revocat3
771 1894 842 1945 neo
862 1894 940 1944 non
957 1869 1107 1945 Albana
1123 1880 1319 1969 petentem

332 1981 459 2082 Appia
475 1982 633 2059 ferventi
651 1985 757 2059 ducit
772 1984 811 2059 in
821 2008 915 2060 arva
931 1996 1027 2060 rota.

273 2096 455 2172 [Forsitan
472 2097 535 2175 hic
552 2110 675 2199 optes,
694 2112 738 2175 ut
750 2102 894 2199 justam
912 2102 1124 2201 supprimat
1140 2101 1234 2178 iram

333 2213 475 2301 Caesar,
489 2224 529 2288 ct
545 2216 752 2316 hospitium
766 2217 816 2292 sit
832 2216 1005 2291 tua'villa
1021 2241 1162 2293 meum.
1284 2224 1333 2292 70

280 2327 362 2402 Ah!
389 2329 547 2404 nimium
571 2340 643 2416 est,
662 2332 778 2427 quod,
796 2331 932 2419 amico,
952 2332 1073 2430 petis!
1101 2332 1332 2408 moderatius

332 2443 383 2517 Et
398 2445 487 2532 voti,
507 2470 649 2543 quaeso,
669 2448 851 2521 contrahe
867 2448 952 2522 vela
969 2447 1038 2522 tui.
1210 2449 1330 2547 [opta

279 2574 397 2649 Terra
412 2575 525 2650 r'elim
542 2577 706 2676 propior,
725 2578 895 2675 nullique
913 2578 1079 2653 obnoxia
1096 2579 1197 2653 bello

332 2691 477 2783 Detur3
507 2694 577 2769 erit
594 2694 732 2768 nostris
750 2717 838 2794 pars
856 2695 956 2769 bona
973 2694 1104 2769 demta
1119 2695 1240 2770 malis.

581 2957 911 3083 arrsroin
948 3008 1020 3083 rx.

689 3124 908 3221 uuxrnro

269 3274 383 3359 Quas
401 3260 492 3348 inihi
510 3256 559 3349 de
577 3284 686 3374 rapto
703 3285 769 3351 tua
784 3276 888 3351 venit
905 3277 1069 3375 epistola
1088 3276 1215 3365 Celso,

329 3391 508 3466 Protinus
525 3402 585 3466 est
601 3393 780 3491 lacrymis
797 3393 953 3467 humida
969 3392 1070 3467 facta
1087 3393 1181 3467 meis
1199 3418 1207 3467 :

310 3566 351 3614 59.
369 3565 478 3631 Porgoss
494 3566 573 3630 om]
592 3567 674 3617 Malas
693 3566 779 3617 herbas
828 3582 877 3632 quo
890 3581 944 3615 raro
958 3578 1043 3615 causas
1057 3561 1180 3613 delendis:
1198 3578 1270 3628 quam
1281 3580 1331 3613 rem

262 3628 386 3689 'avellere
413 3639 630 3706 longoligonitus.
647 3639 779 3707 ligonibus
828 3639 938 3691 felicitati
959 3638 1081 3689 adscribit.
1110 3638 1184 3688 Mart.
1210 3636 1252 3688 Lis
1268 3656 1329 3689 ouu-

276 3711 420 3762 lssbontibos
429 3711 526 3778 longum
538 3714 660 3780 capulum.
827 3731 905 3777 quous,
917 3722 970 3778 toga
980 3728 1045 3769 roro,
1056 3728 1117 3760 moris
1127 3714 1211 3775 quieto.

310 3788 352 3835 60.
365 3786 564 3852 Εεὼτσαςυω]
582 3788 729 3853 Etirrigara.
861 3788 902 3836 67.
928 3786 1023 3836 Umbrio
1044 3795 1066 3833 ts
1087 3784 1198 3848 revocas]
1223 3784 1253 3833 In
1268 3785 1328 3835 Um-

310 3861 352 3909 61.
365 3859 433 3908 Unde
445 3863 484 3909 ssd
501 3862 540 3910 loc
559 3862 644 3926 now]
661 3861 778 3919 Subsidi,
827 3860 904 3911 briam
920 3860 1024 3919 revertis,
1035 3874 1089 3925 qun
1103 3859 1128 3909 in
1139 3858 1217 3908 medio
1227 3858 1329 3908 sabinia

277 3940 343 3999 opto.
383 3933 450 3983 lator
467 3952 528 3999 quos.
550 3936 618 3984 Inter
637 3952 680 3985 nos
698 3935 778 3984 Tomi·
828 3950 857 3986 sc
873 3934 984 3985 Thnscia
1001 3934 1058 3984 olim
1072 3934 1178 4000 jacebat.
1213 3933 1330 3982 Perculsos

277 4017 354 4057 tanos.
387 4008 420 4056 Et
436 4009 527 4058 lutam.
543 4011 662 4061 EtGetss
677 4010 720 4075 qui
729 4011 777 4059 To·
828 4011 927 4059 Albona.
942 4008 978 4057 Te
991 4015 1088 4058 cuntem
1097 4006 1123 4055 in
1134 4007 1256 4055 Albanum
1266 4022 1328 4072 prra-

238 4084 243 4095 '
278 4096 334 4130 mon
345 4081 468 4131 infestant.
827 4081 909 4131 diurn:
936 4082 1001 4131 Alba
1021 4089 1102 4131 autem
1120 4080 1208 4129 Marsis
1229 4079 1332 4129 finitima

310 4156 351 4205 64.
365 4155 447 4205 Fortia
455 4157 526 4222 fila]
546 4158 686 4224 Prosperarn
695 4156 778 4216 vitam,
827 4155 873 4205 luit
882 4157 908 4206 iu
918 4156 1013 4207 excelso
1023 4171 1081 4205 saro
1090 4154 1178 4204 locata.

277 4229 346 4294 cujus
355 4229 398 4278 tila
407 4246 455 4279 non
466 4229 536 4280 facile
546 4240 696 4297 rumpuntur.
860 4229 901 4279 66.
912 4230 1021 4279 Ferreoli
1031 4227 1105 4292 rota]
1122 4224 1206 4278 Veloci
1217 4241 1295 4275 curru.

310 4303 352 4352 65·
374 4302 493 4368 compa]
515 4305 601 4370 Campi
622 4303 706 4354 Martii
726 4321 778 4355 cer·
860 4303 901 4352 71.
912 4304 949 4351 Al
956 4305 1052 4351 nimium
1059 4300 1112 4364 ssu]
1132 4299 1327 4363 Quianunquam

278 4375 370 4425 tamine
379 4383 405 4424 ct
412 4378 601 4427 exercitationes.
626 4372 778 4428 Dsus'ossodo
827 4376 871 4426 tibi
887 4378 1009 4443 prostabit
1022 4376 1154 4441 Augustus,
1165 4382 1192 4423 ut
1209 4372 1328 4438 relegatus

274 4452 384 4511 porticus.
407 4450 545 4515 Aliquando
563 4461 629 4501 tenet
644 4460 679 4510 te,
691 4452 776 4517 inquit,
826 4450 852 4500 in
862 4466 945 4516 agrum
956 4460 1024 4500 tuum
1034 4447 1179 4515 perveniam.

276 4521 382 4588 porticus
393 4522 537 4589 aliquosum
546 4525 620 4575 hortis
631 4526 766 4576 nemorosis.
859 4526 899 4574 72.
919 4526 950 4575 Et
964 4525 1073 4574 contrahe
1088 4523 1138 4571 selo
1157 4524 1193 4570 tui
1209 4522 1276 4586 voti]
1296 4522 1327 4572 Et

310 4596 350 4646 66.
362 4596 393 4646 ln
402 4614 446 4661 quo
459 4614 529 4660 pom
537 4617 594 4650 roro
609 4600 728 4663 temporo]
747 4600 776 4649 ln
827 4599 875 4648 voti
885 4598 920 4648 tui
930 4596 1074 4648 desiderium
1086 4594 1208 4661 restringe.

925 4672 996 4721 cco
1086 4712 1089 4717 Δ
