3609 5967
426 758 496 824 nx
520 756 682 823 rouro
707 755 799 863 nm.
824 729 1152 824 murmurii.
1251 761 1319 827 sor

268 930 363 1006 Haec
381 932 493 1005 modo
511 941 548 1005 te
567 930 708 1029 populo
726 930 950 1005 reddentem
962 932 1050 1028 jura
1066 931 1223 1021 videbit,

318 1048 370 1122 Et
387 1074 429 1123 se
447 1047 601 1122 secretis
619 1048 737 1145 finget
755 1048 891 1121 adesse
909 1045 1015 1120 locis.

270 1158 382 1239 Nunc
400 1166 502 1263 longi
519 1166 663 1239 reditus
681 1165 800 1239 bastae
819 1185 1034 1261 supponere
1051 1162 1159 1236 lustri
1268 1168 1321 1239 45
1380 1179 1383 1184 ’

319 1280 473 1375 Cernet,
493 1294 533 1357 et
549 1294 688 1361 exacta
703 1292 842 1357 cuncta
859 1280 985 1358 locare
1001 1278 1089 1352 fide.
1273 1285 1278 1291 ’

269 1394 383 1471 Nunc
401 1396 524 1473 facere
542 1398 580 1471 in
598 1398 723 1472 medio
741 1396 945 1471 facundum
963 1395 1079 1468 verba
1095 1404 1241 1479 senatu,

321 1510 482 1587 Publica
499 1525 734 1611 quaerentcm
752 1514 844 1613 quid
863 1521 970 1611 petat
986 1511 1140 1585 utilitas.

271 1626 309 1709 N
311 1652 398 1713 unc,
415 1653 483 1727 pro
504 1628 734 1717 Caesaribus,
748 1628 906 1727 Superis
924 1627 1129 1701 decernere
1146 1636 1287 1722 grates,

319 1744 465 1819 Albave
483 1744 694 1843 opimorum
711 1744 809 1819 colla
825 1743 936 1817 ferire
953 1743 1081 1816 boum.
1269 1746 1319 1816 50

270 1857 398 1957 Atque
417 1860 574 1947 utinam,
590 1876 706 1959 quum
718 1863 798 1958 jam
815 1857 931 1931 sueris
947 1857 1104 1955 potiora.
1110 1866 1301 1955 precatus,

322 1973 377 2047 Ut
392 1976 484 2049 mihi
502 1977 673 2075 placetur
690 1960 855 2051 numinis
873 1974 941 2061 ira,
960 1974 1090 2071 roges!

273 2091 412 2187 Surget
429 2093 477 2167 ad
495 2093 593 2168 hanc
610 2117 742 2169 vocem
760 2093 874 2192 plena
891 2091 978 2190 pius
996 2089 1093 2188 ignis
1111 2091 1160 2167 ab
1178 2114 1255 2178 ara,

277 2224 281 2233 ·
321 2207 476 2306 Datque
493 2211 635 2284 bonum
651 2220 740 2283 voto
755 2207 906 2282 lucidus
925 2230 1037 2280 omen
1054 2229 1167 2306 apex.

271 2322 434 2411 Interea,
454 2349 533 2423 qua
549 2335 658 2423 parte
675 2325 776 2412 licet,
796 2348 844 2398 ne
863 2333 1004 2397 cuncta
1020 2344 1233 2419 queramur,
1270 2326 1319 2397 55

217 2524 225 2536 Ι
323 2438 397 2514 Hic
416 2465 569 2539 quoque
586 2452 625 2515 te
641 2441 780 2515 festum
798 2440 954 2515 consule
971 2450 1123 2537 tempus
1138 2461 1261 2536 agam.

270 2554 403 2629 Altera
418 2555 570 2644 laetitiae,
589 2581 659 2632 nec
677 2558 817 2633 cedens
836 2580 953 2650 causa
969 2555 1095 2654 priori,

323 2670 531 2745 Successor
548 2671 645 2747 tanti
662 2673 777 2747 srater
795 2671 959 2760 honoris,
977 2671 1062 2747 erit.

271 2784 369 2859 Nam
389 2786 458 2860 tibi
476 2788 623 2862 finitum
641 2813 801 2876 summo,
822 2788 1010 2875 Graecine,
1028 2785 1221 2861 decembri

261 2968 263 2973 .
323 2900 540 3001 Imperium,
559 2903 647 2979 Jani
666 2906 826 3005 suscipit
843 2906 908 2981 ille
924 2906 1000 2980 die.
1270 2906 1320 2976 60

271 3016 443 3117 Quaeque
460 3032 520 3095 est
537 3021 575 3095 in
591 3023 698 3107 vobis
717 3024 851 3122 pietas,
871 3026 1017 3109 alterna
1033 3021 1162 3097 feretis

323 3134 484 3225 Gaudia,
503 3150 545 3213 tu
563 3139 686 3215 fratris
704 3142 884 3231 fascibus
905 3143 968 3218 ille
985 3143 1073 3217 tuis.

274 3248 338 3323 Sic
356 3263 397 3325 tu
417 3254 475 3327 bis
492 3255 607 3331 fueris
626 3261 771 3347 consul,
791 3248 850 3335 bis
864 3261 998 3336 consul
1015 3270 1055 3335 et
1071 3259 1148 3345 ille,

322 3366 445 3467 Inque
462 3373 575 3448 domo
594 3376 718 3450 bimus
736 3378 991 3476 conspicietur
1007 3377 1140 3449 bonor.

304 3552 344 3601 45.
353 3553 451 3605 Raditur
459 3556 548 3621 lustri]
557 3559 690 3609 Proventus
700 3561 769 3626 quin·
819 3572 905 3611 cuncto
918 3576 1050 3625 paramur.
1071 3560 1111 3608 Ne
1123 3558 1218 3623 ringula
1226 3572 1320 3623 pompa

271 3627 416 3689 quennales:
439 3646 494 3679 narn
512 3632 640 3697 vectigalia
659 3635 770 3685 locaban-
820 3635 890 3702 bujua
910 3635 1049 3701 spectacula
1065 3650 1122 3683 cum
1138 3633 1236 3698 querela
1255 3647 1320 3679 conr-

271 3705 309 3745 tur
319 3698 348 3749 ad
360 3700 558 3767 quinquennium.
582 3706 767 3769 supponerem
819 3724 958 3759 memorem.
993 3708 1040 3757 Vel
1053 3706 1134 3764 edam,
1145 3705 1184 3755 Ne
1195 3705 1226 3754 ad
1241 3706 1322 3754 omnia

271 3778 307 3821 lc.
325 3774 414 3825 locare
424 3776 449 3825 in
461 3776 557 3843 publica
567 3782 687 3831 auctione.
821 3781 897 3830 mesti
908 3797 937 3830 ac
948 3780 1041 3846 queruli
1050 3780 1132 3829 duram

306 3847 345 3895 46.
358 3848 522 3915 Eructcfide.]
536 3853 605 3901 Boua
616 3853 672 3903 fide.
853 3856 895 3905 59.
918 3856 1009 3903 &mmo
1027 3853 1158 3917 dommi]
1179 3853 1278 3902 Summa
1296 3859 1322 3903 et
1341 3865 1344 3871 ·

305 3922 345 3971 49.
362 3922 455 3986 Superis
471 3928 590 3977 decurrere
606 3929 704 3994 grates]
720 3930 770 3979 De·
820 3938 926 3980 extrema
937 3937 1004 3994 parte
1014 3927 1156 3977 decembris.

272 4011 366 4045 cernere
377 3998 569 4063 supplicationes,
580 4000 605 4049 in
616 4003 703 4067 quibua
715 4018 770 4067 gra-
853 4002 1052 4065 europeam]
1070 4001 1236 4051 Consulatum.
1261 3999 1320 4047 Jani

273 4070 312 4119 tie
328 4070 382 4121 Diis
397 4074 530 4137 agebantur
546 4077 576 4124 ob
588 4075 709 4127 victoriam
726 4078 770 4126 ali·
820 4079 866 4125 dle.
882 4074 1000 4127 Kalendis
1009 4074 1127 4127 Januarii·
1150 4070 1210 4123 Ille·n
1221 4071 1318 4121 Scilicet

272 4160 354 4209 quam.
821 4150 967 4199 fratertuus.

305 4220 345 4267 54.
358 4220 461 4270 Locidae
467 4222 544 4285 epea]
554 4222 608 4287 Ipse
619 4220 681 4289 ignia
691 4224 770 4273 clarus
851 4224 892 4272 64.
900 4222 976 4271 Birria
985 4218 1232 4284 cooperaturam]
1241 4218 1318 4267 Immo

272 4298 297 4339 et
314 4308 385 4357 purus
405 4294 430 4343 in
450 4295 518 4360 apice
537 4306 562 4345 et
583 4296 721 4346 cacumine:
743 4296 769 4347 ld
819 4296 930 4356 bimumi
945 4296 1004 4361 quid
1017 4295 1101 4356 video3
1117 4293 1181 4359 qnod
1195 4292 1319 4340 confirmat

272 4366 335 4414 enim
347 4368 448 4418 maxime
460 4370 627 4437 observabant.
819 4370 1066 4435 llottendorphianus:
1082 4370 1217 4417 unumne·
1235 4368 1318 4415 blm

304 4442 345 4490 55.
368 4442 421 4496 Quo
438 4454 505 4506 porte
524 4445 598 4508 licen]
623 4446 677 4504 Quo
698 4446 769 4494 modo
819 4455 890 4495 vocnt
907 4444 1000 4500 Cicero,
1019 4442 1061 4492 lib.
1078 4442 1113 4492 iii.
1128 4442 1204 4507 Epist.
1218 4440 1269 4489 viii.
1285 4440 1318 4489 ad

272 4529 377 4578 possum,
388 4515 433 4564 hoc
450 4526 495 4574 est,
506 4528 594 4573 mente.
605 4519 663 4585 quin
673 4534 768 4584 corpore
818 4519 925 4585 Appium
935 4518 966 4566 de
980 4516 1089 4580 regendis
1099 4532 1140 4583 per
1150 4515 1247 4579 eoadem
1257 4529 1318 4580 pras·

272 4602 320 4636 non
341 4588 397 4637 licet
418 4590 500 4641 adesse
522 4600 568 4641 tuae
590 4608 691 4661 pompm.
732 4592 769 4640 Ne
819 4590 1318 4659 lectosperbienniumprovincimllam.
