3609 5967
479 803 523 868 68
773 798 812 864 Ρ.
836 794 997 862 OVIDII
1021 794 1231 862 NASONIS
1308 801 1313 818 ⁸

485 976 654 1073 Inspice:
682 971 858 1069 quodque
875 971 991 1066 leges,
1010 991 1058 1042 ex
1075 968 1167 1067 ipsis
1184 967 1320 1064 collige
1335 970 1470 1056 verbis,
1517 973 1520 978 ’

371 1089 376 1098 ’
537 1090 682 1185 Fingat,
699 1112 747 1161 an
765 1111 814 1160 ex
831 1086 967 1170 animo,
986 1085 1243 1181 sollicitusque
1260 1095 1378 1181 roget.
1464 1088 1468 1094 ’

487 1207 657 1304 Postque
683 1205 833 1277 brevem
860 1201 1024 1275 rescribe
1053 1223 1206 1274 moram.
1244 1223 1347 1272 mora
1373 1224 1521 1299 semper

514 1298 522 1316 ⁸
636 1329 803 1394 amantes

539 1436 688 1521 Incitat,
707 1434 884 1530 exiguum
902 1433 934 1505 si
951 1432 1062 1506 modo
1079 1442 1229 1530 tempus
1247 1431 1371 1504 habet.

492 1552 568 1626 Sed
582 1575 705 1648 neque
722 1561 761 1623 te
773 1548 922 1622 facilem
936 1548 1064 1646 juveni
1078 1547 1257 1645 promitte
1270 1547 1432 1643 roganti:
1448 1550 1521 1619 475

541 1667 623 1741 Nec
639 1677 765 1740 tomen
782 1664 910 1751 edum,
927 1664 1032 1760 quod
1049 1664 1155 1762 petit,
1174 1686 1238 1737 ore
1255 1687 1363 1758 nega.

492 1784 567 1858 Fac
589 1783 719 1856 timeat
749 1790 951 1879 speretque
982 1779 1110 1853 simul:
1148 1777 1373 1875 quotiesque
1399 1777 1522 1852 remit·

639 1908 710 1983 tes,

544 2013 717 2112 Spesque
734 2011 854 2107 magis
870 2010 997 2084 veniat
1013 2020 1127 2096 certa,
1146 2010 1342 2108 minorque
1359 2021 1493 2083 metus.

494 2129 651 2213 Munda,
671 2127 739 2201 sed
755 2150 776 2199 e
794 2126 930 2211 medio,
949 2131 1206 2221 consuetaque
1222 2127 1348 2212 verba,
1367 2125 1513 2223 puellae,

545 2245 718 2318 Scribite.
745 2242 925 2316 sermonis
942 2241 1095 2339 publica
1110 2240 1228 2315 forma
1243 2242 1381 2339 placet.
1454 2239 1527 2313 480

493 2360 556 2438 Ah
573 2359 721 2457 quoties
737 2357 874 2431 dubius
891 2356 1040 2454 scriptis
1057 2357 1197 2430 exarsit
1214 2368 1377 2444 umatnr;

546 2476 596 2549 Et
613 2475 744 2549 nocuit
755 2473 882 2548 formae
899 2475 1058 2547 barbam
1074 2473 1201 2569 lingua
1216 2473 1342 2545 bonae!

497 2592 574 2666 Sed
592 2590 780 2689 quoniam,
800 2591 970 2687 quamvis
987 2592 1088 2664 vittae
1106 2590 1264 2664 careatis
1282 2590 1432 2676 honore,

547 2708 618 2782 Est
633 2707 737 2782 vobis
754 2718 898 2781 vestros
916 2707 1044 2782 fallere
1060 2730 1151 2780 curs
1165 2707 1281 2794 viros;

498 2825 653 2899 Ancillae
671 2825 822 2923 pnerive
840 2848 972 2898 manus
990 2824 1084 2899 ferat
1100 2835 1189 2922 apta
1205 2822 1380 2896 tabellas:
1457 2826 1529 2895 485

548 2941 713 3037 Pignora
729 2964 799 3013 nec
812 2942 940 3039 juveni
958 2940 1099 3014 credite
1116 2950 1239 3013 vestro
1255 2962 1362 3012 novo.

498 3056 586 3130 Vidi
603 3080 686 3152 ege,
705 3055 888 3153 pallentes
906 3056 978 3129 isto
995 3043 1134 3129 terrore
1150 3053 1307 3152 puellas,

550 3172 749 3248 Servitium
766 3171 921 3245 miseras
938 3183 1087 3271 tempus
1105 3170 1143 3243 in
1160 3193 1270 3243 omne
1287 3169 1377 3268 pati.

533 3434 590 3483 479.
607 3432 706 3490 Mitrida,
716 3436 754 3483 ud
763 3451 775 3484 a
785 3434 877 3497 medio]
902 3434 995 3483 Blanda
1045 3434 1083 3482 lts
1095 3434 1193 3482 Homer.
1207 3432 1278 3482 Iliad.
1293 3437 1321 3482 Β.
1335 3434 1391 3482 218.
1422 3433 1536 3487 'l'uemilae

503 3524 564 3558 unna
583 3507 722 3557 Vaticanus.
738 3507 854 3574 quomodo
870 3524 941 3574 supra
952 3509 995 3559 lib.
1045 3507 1124 3556 dedit:
1136 3507 1217 3557 'Barca
1229 3505 1324 3572 ἄκοσμά
1333 3525 1359 3558 τε
1371 3508 1455 3558 πολλά
1464 3526 1500 3559 τε.
1516 3510 1537 3558 si

502 3582 519 3636 i.
531 3583 587 3631 467.
675 3585 677 3594 ⁴
1045 3582 1129 3630 blanda
1144 3580 1218 3645 legas,
1233 3596 1281 3629 non
1291 3590 1343 3632 eret
1354 3590 1411 3646 apta
1424 3582 1537 3648 oppositio

536 3658 572 3706 Sit
582 3657 624 3706 tibi
635 3657 749 3706 credibilis
762 3672 839 3714 rema,
850 3667 998 3721 summaque
1045 3660 1096 3705 τῶν
1105 3657 1143 3703 sed
1152 3672 1165 3703 e
1175 3658 1257 3705 madio:
1267 3664 1356 3704 namet
1367 3661 1467 3714 emedio,
1477 3673 1538 3705 sens

599 3731 675 3786 urba,
1046 3745 1088 3794 per
1103 3738 1158 3778 sunt
1175 3729 1272 3778 blande
1291 3746 1364 3795 querc
1379 3732 1502 3780 blanditias
1514 3739 1539 3782 et

570 3802 663 3854 Blanda
673 3813 896 3866 torneamentum
908 3806 999 3854 oidaare
1045 3803 1136 3865 pirdlica
1159 3805 1225 3851 verba
1244 3803 1365 3868 conjungit
1384 3804 1479 3860 Noster,
1498 3805 1540 3856 lib.

602 3879 671 3940 loqui.
1047 3875 1082 3925 iii.
1092 3877 1174 3925 Amor.
1190 3878 1213 3927 7.
1228 3876 1269 3926 sed
1284 3877 1310 3925 in
1322 3881 1414 3927 madir
1426 3879 1541 3944 eligendis

507 3948 576 3999 Nihil
584 3957 662 4000 tamen
668 3959 754 4002 temere
760 3951 907 4001 mutandum.
920 3952 999 4001 Ηιιιιι-
1048 3965 1111 4017 sepe
1127 3950 1247 4002 affectatio
1262 3951 1335 4001 nimia
1349 3967 1461 4018 apparere
1473 3954 1542 4004 sola.

508 4040 570 4074 erus.
601 4024 640 4074 Its
652 4025 716 4091 apud
732 4026 802 4091 Prop.
813 4026 845 4075 ir.
859 4044 882 4076 ν.
898 4027 939 4075 43.
959 4041 999 4074 ea·
1049 4023 1138 4073 Bonna.

508 4096 563 4147 dam
577 4105 613 4147 ert
626 4098 733 4149 vanem.
747 4097 796 4148 vid.
808 4114 871 4164 supr.
887 4100 944 4148 332.
958 4098 1000 4149 sed
1081 4100 1137 4149 486.
1158 4100 1257 4166 Pignora
1274 4117 1315 4150 nra
1326 4101 1434 4163 juveat]
1456 4100 1542 4152 Juaani

508 4173 593 4224 blanda
603 4171 756 4238 wbaeptina
764 4171 830 4222 dedit
840 4171 903 4229 viria,
911 4172 952 4238 qni
960 4188 1001 4239 per
1050 4183 1139 4224 rectum
1149 4183 1192 4230 eat,
1203 4190 1247 4223 nec
1257 4173 1287 4224 de
1300 4189 1374 4230 servo,
1385 4173 1426 4223 sed
1438 4183 1544 4225 amatore

508 4245 636 4296 blanditias
649 4245 739 4295 editum
755 4244 787 4294 ad
804 4246 922 4295 Venerem
938 4263 1003 4312 qne·
1051 4246 1123 4298 debet
1146 4246 1255 4313 intelligi,
1276 4257 1303 4297 ut
1322 4247 1446 4311 sequeutia
1466 4248 1544 4296 meni·

509 4326 572 4372 runt.
586 4317 1004 4382 Pnelliamagismaadaconreniunt.
1053 4319 1112 4368 reato
1132 4320 1299 4370 demonstrant.
1318 4318 1433 4385 precipit,
1456 4331 1484 4369 ut
1502 4336 1545 4370 aue

509 4395 598 4443 ιιιιιιὰι
606 4407 661 4442 vero
670 4390 953 4457 opponuntnrfacatia,ut
963 4392 1004 4442 ci·
1052 4392 1110 4442 cille
1120 4394 1159 4443 vel
1169 4410 1228 4460 puer
1237 4396 1316 4445 literas
1326 4394 1409 4444 musea
1419 4395 1451 4444 ed
1462 4409 1545 4448 amn·

511 4480 565 4520 001⁰
580 4466 648 4518 Orat.
662 4467 703 4515 23.
744 4463 827 4514 Focari
843 4468 1005 4515 medicamenta
1053 4474 1109 4523 tem,
1120 4476 1144 4515 et
1158 4467 1232 4518 lectas
1247 4471 1380 4526 retentae
1393 4478 1471 4519 seruet
1481 4485 1547 4518 aura-

513 4541 617 4587 eaadarir
629 4549 650 4587 ar
664 4540 753 4587 roboria
767 4539 841 4585 urania
857 4540 1004 4601 repellantur,
1053 4547 1098 4597 tor,
1108 4541 1194 4606 quibua
1209 4552 1289 4607 postea
1306 4551 1333 4593 nt
1346 4543 1444 4593 fulmine
1459 4552 1548 4594 utatur.

514 4610 629 4675 elegantia
640 4615 703 4662 mado
715 4622 736 4660 ar
748 4613 862 4660 munditia
874 4616 1004 4662 remanebit.
1055 4614 1141 4663 Burin.
