3609 5967
484 759 552 827 210
654 798 659 806 ·
773 752 814 819 P.
837 747 1001 816 ovlull
1015 746 1240 813 NASONIS

488 934 553 1008 Sic
571 956 641 1005 sua
656 928 797 1004 lascivo
814 928 970 999 cantata
986 931 1046 995 est
1060 944 1163 1019 saepe
1182 919 1336 995 Catullo

538 1048 707 1133 Femina,
726 1044 787 1119 cui
805 1043 943 1116 salsum
961 1038 1102 1113 Lesbia
1117 1061 1257 1113 nomen
1275 1050 1377 1113 erat:

489 1164 572 1240 Nec
590 1173 791 1238 contentus
810 1182 867 1245 ea,
886 1157 1025 1231 multos
1041 1154 1209 1250 vulgavit
1226 1178 1385 1242 amores,
1433 1238 1438 1246 ,

537 1280 584 1355 Iu
602 1280 741 1377 quibus
758 1277 842 1373 ipse
860 1296 972 1383 suurn
987 1269 1108 1342 fassus
1126 1270 1354 1345 adulterium
1372 1282 1444 1346 est.
1463 1276 1539 1347 430

443 1463 446 1470 .
488 1397 565 1471 Par
581 1395 653 1469 fuit
670 1392 798 1488 exigui
817 1388 1029 1483 similisque
1047 1385 1200 1458 licentia
1213 1386 1335 1474 cavi,

539 1508 699 1586 Detexit
715 1495 828 1580 variis
845 1502 912 1601 qui
930 1522 1000 1574 sua
1015 1500 1115 1575 furta
1131 1502 1266 1575 modis.

487 1627 588 1712 Quid
606 1625 764 1700 referam
780 1619 937 1705 Ticidae,
958 1616 1051 1715 quid
1072 1615 1232 1691 Memmi
1249 1639 1416 1704 carmen,
1434 1618 1541 1716 apud

537 1740 670 1816 Rebus
688 1740 798 1814 abest
814 1732 936 1809 omnis
951 1731 1243 1829 nominibusque
1260 1734 1404 1831 pudor?
1423 1736 1536 1831 [quos

488 1856 612 1930 Cinna
628 1876 782 1954 quoque
805 1852 865 1925 his
883 1870 1013 1922 comes
1033 1856 1104 1934 est,
1125 1847 1326 1945 Cinnaque
1343 1851 1538 1948 procacior

636 1970 773 2055 Anser,
1020 2042 1022 2053 ,
1270 1986 1276 2001 ·
1461 1970 1535 2041 435

536 2085 589 2161 Et
604 2087 686 2160 leve
704 2082 896 2168 Comifici,
916 2102 1061 2179 parque
1081 2078 1239 2153 Catonis
1258 2104 1374 2180 opus3

484 2316 572 2359 ramus,
582 2310 677 2367 propter
691 2299 815 2367 epitheton
829 2299 915 2362 rapidi.
947 2298 986 2345 Ac
1037 2297 1090 2353 bus,
1112 2298 1158 2347 hoc
1182 2306 1227 2355 est,
1252 2306 1399 2362 argumento,
1420 2296 1536 2357 materias,

485 2373 904 2431 deiulmiuiscsusmetuudeidem
914 2385 986 2437 genc-
1035 2370 1108 2436 operi.
1141 2370 1196 2437 Ipse
1208 2373 1285 2421 Ponto
1295 2372 1316 2421 1.
1325 2372 1341 2420 i.
1434 2404 1438 2413 ·

484 2458 557 2507 retur,
585 2447 646 2499 libro
675 2457 744 2499 sexto
775 2446 901 2498 Lucretius
928 2442 987 2509 agit.
1069 2444 1175 2495 tamin
1188 2450 1289 2510 quesnois
1303 2448 1536 2496 nonmmioemdttu

483 2523 580 2573 Mrcru.
1132 2524 1210 2577 iader,

516 2597 573 2645 tto.
586 2594 790 2658 Triplex—opus]
808 2590 987 2658 h.e.quomodo
1103 2594 1157 2642 Non
1173 2598 1248 2644 miuus
1263 2597 1303 2644 doc
1319 2596 1360 2643 ua
1378 2592 1459 2651 Triste,
1476 2596 1534 2656 quod

481 2670 530 2719 tris
543 2670 672 2726 elementa,
686 2684 761 2725 mare,
775 2667 865 2717 coelum
881 2674 907 2715 et
923 2672 986 2714 terra
1133 2679 1188 2717 aare
1198 2671 1258 2718 dedi.

479 2738 608 2794 ¹interitura
618 2752 681 2792 sunt.
714 2742 827 2789 Hirrus.
1034 2738 1273 2800 Rebusidem‚titulo
1287 2743 1377 2809 differt.
1410 2742 1458 2793 Ubi
1476 2742 1535 2791 dicit

516 2820 573 2867 ⁴31.
591 2814 877 2881 Porsnitsxiguicoloi]
895 2814 985 2864 curus
1033 2816 1216 2881 Epistolassuus
1227 2834 1256 2866 er
1267 2819 1345 2867 Ponto
1355 2819 1421 2866 robur
1431 2817 1480 2867 sire
1498 2833 1536 2865 ar·

482 2900 567 2948 orator,
574 2890 616 2939 diu
623 2906 678 2940 cum
686 2889 801 2940 Cicerone
812 2887 985 2953 iniquissimam
1033 2898 1147 2953 gumeuto
1163 2891 1288 2939 convenire
1298 2906 1353 2939 cum
1363 2890 1439 2955 priora
1453 2907 1533 2956 opere,

482 2961 984 3037 litemdepriucipatueloquentiaehnbuit3
1033 2963 1535 3031 quodTristiainscripaerst,titulotautum

477 3034 788 3088 siotentmsceuutorfnit.
803 3035 982 3100 carminaque·
1033 3047 1058 3088 et
1074 3039 1168 3088 nomine
1184 3039 1288 3089 differre.
1320 3040 1374 3089 Hoc
1390 3038 1472 3104 itaque
1482 3040 1535 3090 vult

421 3159 426 3172 ,
482 3108 984 3179 queejttt‚q¹¹mvi⁸j⁰0⁰⁸2ftterint,plenu
1035 3113 1434 3179 0vidius;apudTicidumetejus
1444 3113 1534 3161 similer

477 3192 562 3235 tomen
582 3186 647 3235 fuere
668 3183 772 3249 ingentis
797 3182 878 3233 animi·
921 3184 982 3231 Eum
1033 3196 1116 3254 poetas
1135 3189 1206 3237 rebus
1224 3188 1277 3237 sive
1298 3198 1433 3253 argumento
1452 3204 1534 3236 verum

481 3260 594 3325 exiguum
626 3258 732 3325 appellat
757 3256 832 3307 Orid.
860 3266 984 3324 propterea
1033 3280 1112 3311 nomen
1123 3264 1215 3318 abesse,
1227 3278 1282 3311 cum
1294 3262 1332 3311 hic
1343 3262 1464 3319 Perillam,
1475 3262 1536 3311 alter

481 3332 547 3397 quod
557 3332 691 3397 iuitparvae
703 3338 810 3382 stature.
1033 3338 1154 3395 Lesbiam,
1165 3337 1225 3387 altar
1241 3337 1322 3395 uliam,
1333 3353 1404 3402 quarn
1418 3337 1478 3387 salso
1494 3337 1531 3386 iu·

477 3412 482 3417 “
514 3405 571 3452 433.
590 3403 763 3470 Ουίᾱνςϊιναω
775 3404 881 3468 Ticida]
897 3402 984 3453 Ticida
1032 3410 1176 3472 scriberent3
1193 3410 1531 3477 nominibusporroillispudn·

480 3493 555 3543 eques
565 3478 657 3542 scripsit
669 3477 759 3542 elegias
769 3479 799 3527 de
811 3479 900 3528 Petilia
911 3494 983 3544 quam
1032 3502 1081 3533 reru
1097 3486 1190 3542 abesse,
1208 3500 1263 3533 cum
1284 3484 1374 3549 scripta
1389 3483 1430 3533 illa
1449 3494 1534 3550 preter

480 3550 895 3605 amne-emmerammi
912 3552 983 3601 Cror.
1033 3565 1114 3624 turpes
1131 3574 1222 3607 amores
1240 3566 1265 3607 et
1281 3558 1398 3623 flagitiosa
1416 3558 1532 3607 adulteria

479 3624 591 3674 Memmii
600 3634 677 3690 poetar
688 3625 778 3690 pariter
788 3632 813 3673 et
823 3626 922 3674 oratoris
934 3641 982 3674 me·
1033 3632 1092 3681 nihil
1100 3634 1147 3682 fere
1156 3632 1221 3681 aliod
1232 3632 1388 3682 continerent.
1409 3635 1532 3682 Hactenus

479 3700 550 3749 minit
559 3700 653 3750 Plinius
662 3699 688 3749 in
696 3698 817 3765 Epistolis,
824 3707 849 3748 et
855 3700 983 3765 Tranquil-
1033 3706 1166 3755 Bentleius.
1184 3706 1241 3755 edit.
1252 3715 1300 3755 ret.
1319 3706 1407 3755 Nomen
1422 3709 1486 3755 adest
1496 3724 1533 3755 rs·

477 3772 518 3822 lus
527 3772 707 3823 scribensillum
715 3772 830 3838 objecisse
841 3776 870 3825 C.
882 3775 982 3835 Cereri,
1033 3782 1086 3829 ou:
1103 3782 1365 3845 nominitaqoepodor.
1397 3780 1510 3829 Hirrum.

480 3847 545 3913 quod
560 3849 665 3897 stetisset
680 3849 712 3897 ad
730 3848 844 3914 cyathum
858 3859 884 3899 et
899 3850 981 3901 vinum
1065 3856 1122 3903 435.
1151 3854 1325 3918 Ginmquoqne
1341 3855 1376 3902 dis
1391 3871 1461 3903 eomes
1476 3854 1532 3918 aa}

479 3921 606 3971 Nicomedi
617 3922 676 3987 regi.
707 3924 884 3974 rotcausus.
1032 3930 1064 3989 Q.
1074 3928 1175 3979 Helvius
1183 3928 1262 3979 Cinna
1272 3936 1343 3994 poeta
1352 3929 1452 3993 fuitqui
1460 3928 1533 3995 scrip·

512 3997 569 4046 434.
585 3995 698 4046 Heinsius
707 3998 981 4065 Rotteudorphiiemen·
1030 4002 1063 4052 sit
1072 4004 1205 4069 Smyrnam,
1216 4019 1289 4069 quam
1306 4002 1389 4053 decem
1404 4005 1473 4053 annis
1489 4002 1533 4053 eli-

479 4070 599 4119 dationem
609 4080 724 4135 sequutus
734 4072 814 4121 dedit:
833 4074 910 4123 Retro
920 4076 981 4123 obest
1031 4077 1112 4135 mavit,
1133 4086 1159 4126 ut
1180 4077 1276 4127 Servius
1297 4076 1532 4141 docet—Cinnaque

477 4146 817 4209 mumaduqmpadm
830 4149 981 4214 quoconjec·
1030 4154 1147 4211 meracior
1174 4154 1256 4202 Anser.
1298 4154 1377 4201 Anser
1396 4160 1466 4217 poeta
1487 4152 1533 4201 fnit

478 4218 838 4270 urranihilcertiusessedicit.
872 4223 907 4272 At
917 4223 981 4273 enim
1031 4225 1139 4283 Antonii,
1150 4224 1191 4291 qui
1203 4226 1254 4292 ejus
1265 4225 1349 4275 lendes
1359 4225 1459 4290 scripsit.

478 4294 603 4344 Bentleius
619 4293 651 4343 ad
661 4294 745 4343 Horat
756 4294 782 4342 ii.
793 4295 842 4344 Od.
855 4297 893 4345 12.
905 4314 928 4345 v.
941 4299 980 4347 1³.
1063 4300 1120 4348 436.
1138 4300 1170 4348 Et
1181 4302 1227 4349 leot
1239 4300 1369 4365 Cornifici]
1389 4298 1533 4349 Cornificius

477 4368 538 4427 Ima,
553 4368 640 4435 inquit,
653 4369 711 4417 nihil
728 4384 759 4418 ea
773 4368 901 4428 infelicius,
919 4371 979 4421 nihil
1028 4381 1098 4437 poeta
1120 4389 1135 4421 a
1152 4372 1269 4423 militibus
1289 4372 1417 4423 destitutus
1432 4371 1530 4428 interiit,

476 4452 573 4509 recepta
582 4443 690 4492 codicum
701 4442 804 4492 lectione
814 4443 978 4511 certiusargu-
1028 4462 1086 4511 quos
1103 4462 1166 4511 saepe
1182 4445 1301 4511 fugientes
1317 4447 1423 4511 geleatos
1438 4444 1530 4511 lepores

474 4516 869 4581 tiusqueetmagisNasoniauum.
904 4518 979 4568 uon
1028 4520 1173 4586 appellarat:
1191 4520 1261 4584 hujus
1277 4536 1341 4570 soror
1357 4517 1484 4570 cornificia
1494 4518 1530 4566 in-

476 4590 905 4656 adsrtuomonmominiturquepodor.
929 4592 978 4643 Re·
1027 4592 1104 4658 signin
1125 4592 1231 4642 condidit
1249 4594 1431 4659 epigrammata.
1465 4594 1529 4642 Leve
1596 4604 1598 4607 ·
