3609 5967
441 784 539 866 ⁴nx
563 780 726 848 rouro
751 737 843 847 nrnss
867 781 897 848 1.
920 781 1069 849 uersu.
1095 784 1138 851 v.
1265 783 1370 852 arr.

275 955 448 1031 Forsitan
465 957 647 1031 audacter
664 955 812 1042 faciam,
832 956 900 1031 sed
912 956 1058 1052 'glorior
1076 954 1217 1030 Istrum

326 1072 485 1170 Ingenio
501 1073 646 1146 nullum
664 1073 788 1170 majus
806 1072 946 1146 habere
966 1096 1064 1146 meo.

277 1186 373 1275 Hoc,
388 1188 453 1262 ubi
464 1188 677 1274 vivendum,
690 1187 783 1261 satis
793 1196 865 1275 est,
880 1188 912 1261 si
923 1211 1136 1285 consequor
1150 1211 1251 1276 arvo,
1280 1193 1329 1262 65

327 1304 432 1378 Inter
450 1304 677 1378 inhumanos
694 1327 779 1378 esse
796 1314 912 1402 poeta
928 1303 1061 1377 Getas.

277 1418 361 1505 Quo
381 1421 473 1493 mihi
492 1420 684 1494 diversum
701 1420 803 1493 sama
820 1420 1049 1493 contendere
1067 1418 1105 1492 in
1124 1420 1279 1494 orbern?

329 1533 455 1620 Quem
474 1535 624 1609 fortuna
639 1535 759 1622 dedit,
779 1534 904 1608 Roma
922 1534 972 1608 sit
990 1534 1052 1608 ille
1070 1535 1188 1608 locus.

279 1648 364 1725 Hoc
382 1675 469 1725 mea
485 1661 667 1726 contenta
682 1662 743 1725 est
759 1651 888 1726 infelix
910 1649 1024 1723 Musa
1039 1651 1211 1726 theatro:

330 1767 396 1841 Sic
415 1768 558 1857 merui;
587 1769 713 1866 magni
732 1768 787 1842 sic
805 1768 956 1842 voluere
976 1766 1063 1841 Dei.
1247 1795 1255 1804 ·
1283 1773 1332 1841 70

279 1880 317 1956 N
320 1907 364 1957 ec
383 1907 466 1958 reor
483 1883 570 1958 hinc
590 1882 686 1958 istuc
705 1884 843 1958 nostris
862 1884 934 1958 iter
948 1908 1033 1958 esse
1051 1881 1202 1970 libellis,

329 1997 415 2083 Quo
436 1998 580 2073 Boreas
594 2024 721 2099 penna
737 1999 939 2073 deficiente
957 1997 1074 2073 venit.

280 2113 492 2188 Dividimur
508 2116 625 2205 coelo;
655 2139 819 2215 quaeque
836 2126 897 2192 est
914 2115 1045 2215 procul
1064 2116 1156 2190 urbe
1170 2114 1331 2205 Quirini,

329 2228 506 2330 Adspicit
523 2230 688 2307 hirsutos
706 2234 879 2307 cominus
898 2232 999 2307 Ursa
1017 2233 1150 2307 Getas.

281 2345 356 2420 Per
365 2357 514 2421 tantum
526 2357 648 2434 terrae,
660 2359 719 2423 tot
732 2373 865 2450 aquas,
878 2349 942 2422 vix
953 2349 1107 2423 credere
1120 2349 1264 2448 possim
1283 2355 1332 2424 75

331 2460 521 2537 Indicium
540 2464 655 2537 studii
674 2466 911 2539 transiluisse
928 2465 1016 2539 mei.

283 2575 402 2674 Finge
419 2577 506 2674 legi,
522 2580 703 2677 quodque
720 2590 781 2654 est
797 2580 980 2668 mirabile,
1000 2579 1100 2676 finge
1118 2580 1292 2679 placere3

332 2691 539 2768 Auctorem
556 2706 659 2769 certe
677 2719 737 2768 res
750 2697 860 2794 juvet
878 2695 951 2769 ista
967 2695 1075 2769 nihil.

282 2806 369 2893 Quo
387 2808 469 2896 tibi,
488 2810 521 2885 si
536 2810 660 2886 calida
676 2812 825 2910 positus
842 2811 996 2886 laudere
1016 2810 1156 2911 Syene,

331 2924 412 2999 Aut
428 2926 493 2999 ubi
511 2925 762 3025 Taprobanen
781 2927 916 3006 Indica
933 2926 1052 3024 cingit
1069 2927 1194 3026 aqua?
1286 2932 1335 3001 80

315 3215 357 3265 65.
370 3214 414 3264 uu
424 3218 545 3266 nundum
554 3218 608 3281 est]
615 3218 692 3277 Quasi
699 3220 780 3270 dicet:
833 3227 875 3269 aut
889 3218 975 3269 saltem
991 3218 1105 3274 infirmus,
1116 3224 1142 3266 et
1157 3216 1239 3266 fractis
1248 3215 1337 3266 viribus

281 3287 346 3337 Setis
367 3288 413 3337 en't
433 3289 501 3347 milri,
522 3290 605 3340 heberi
626 3301 697 3358 poeta
718 3293 782 3361 apud
834 3292 908 3343 venit.
934 3292 1047 3341 nram.

281 3362 400 3427 Scythas:
418 3378 463 3413 nec
479 3373 516 3414 cst
532 3366 673 3424 curandum,
691 3375 782 3434 arpe-
868 3368 909 3417 73.
922 3367 1009 3415 Procul
1023 3366 1080 3414 urbe
1091 3363 1208 3426 Quirina]
1226 3363 1337 3429 loma

282 3435 537 3488 rumdoeteecribum.
833 3439 1059 3496 Romanacivitete,
1072 3452 1145 3503 quam
1154 3436 1335 3496 Quirinue,hoc

314 3509 355 3559 67.
372 3510 435 3566 Quid
451 3512 527 3576 aru]
547 3512 664 3569 subaudi,
681 3513 784 3580 prodest
834 3514 1007 3570 ertRomulue
1017 3511 1133 3561 condidit.

284 3583 433 3636 contendere.
460 3585 507 3636 Ire.
555 3586 585 3635 ln
605 3589 727 3636 diurnum.
754 3588 784 3636 ln
868 3589 909 3636 74.
920 3590 1023 3650 Adspicit
1042 3587 1141 3642 lirratus
1153 3583 1243 3648 Getae]
1261 3582 1337 3633 Videt

283 3656 417 3708 Romanam
433 3658 563 3710 civitatem.
603 3660 683 3710 Festo.
705 3662 785 3711 Fama
836 3661 913 3712 Getas
922 3660 1027 3727 hispidos
1037 3659 1196 3708 etbarbatos:
1215 3670 1271 3712 nam
1281 3667 1338 3706 sunt

283 3746 363 3781 catut
400 3732 466 3792 Quid
487 3734 585 3799 prodest
610 3733 677 3792 milri,
698 3734 785 3800 inquit,
834 3735 879 3784 sub
898 3736 961 3785 Ursa
987 3733 1071 3800 majori
1098 3731 1123 3781 in
1150 3729 1336 3796 septemtrionali

283 3804 401 3863 laborare,
417 3815 445 3856 ut
462 3808 528 3857 lama
545 3822 600 3857 mee
614 3807 718 3857 marn
731 3823 785 3874 per·
834 3810 915 3875 plaga
941 3811 1011 3859 Men.

285 3878 375 3929 ’(ῦίῑῦ
869 3884 910 3934 79.
928 3882 1012 3931 Calida
1022 3880 1117 3945 Syene]
1133 3879 1211 3945 Syene
1221 3876 1337 3945 oppidum

317 3955 358 4002 ὃὸ.
369 3955 444 4007 Rom
460 3960 490 4005 eit
504 3958 546 4005 ille
563 3957 644 4020 herm]
662 3957 708 4007 Ille
718 3956 787 4006 locus
835 3956 880 4006 luit
896 3972 968 4022 supra
978 3953 1149 4005 Alexandriani
1164 3953 1271 4018 quinque
1284 3951 1339 4000 mil·

284 4028 481 4095 Septimum
496 4031 589 4080 fortuna
604 4031 786 4097 mihiadsigna·
836 4027 1046 4078 libusstadiorum.
1082 4027 1186 4075 Calidum
1200 4034 1280 4075 autem
1296 4023 1338 4073 ad·

285 4102 327 4158 rit,
345 4102 461 4153 habentur
473 4103 531 4153 milri
549 4119 591 4170 pro
607 4104 703 4165 Romu
719 4105 787 4170 quusi
835 4102 912 4169 pellat
923 4102 1020 4166 Syenen,
1032 4103 1145 4166 quoniam
1156 4098 1246 4148 directe
1259 4098 1339 4147 locata

285 4173 364 4225 dicat:
376 4177 785 4244 alumnusalumnus·
836 4175 882 4226 tuit
902 4176 946 4224 sub
964 4174 1055 4239 tropico
1074 4174 1165 4229 estivo,
1183 4170 1209 4219 id
1229 4179 1274 4226 eet,
1293 4172 1338 4218 sub

287 4255 338 4297 turn
347 4249 413 4299 lema
423 4266 477 4300 mea
487 4250 519 4300 rit
529 4267 577 4300 non
586 4251 699 4315 vulgaris.
716 4251 788 4301 Mun.
837 4249 940 4306 Cancro,
950 4248 975 4297 in
986 4257 1092 4306 extremo
1102 4244 1196 4295 torridu
1205 4259 1278 4292 wne.

319 4323 360 4372 69.
377 4324 428 4373 Hoc
445 4324 557 4389 theoren]
581 4324 681 4374 Simili
701 4327 732 4376 ab
750 4325 788 4375 his
869 4324 911 4372 80.
930 4322 1011 4388 Cingit
1034 4329 1070 4370 cet
1090 4336 1104 4369 c
1124 4318 1178 4367 cod.
1193 4314 1287 4381 ‚Moreti
1307 4317 1338 4366 ab

287 4395 418 4461 plauditur,
428 4400 524 4450 sufficit.
548 4400 627 4450 Pour.
838 4396 938 4448 Heinsio
959 4404 1070 4462 receptu
1091 4395 1161 4457 tingit
1183 4389 1242 4448 alii5
1261 4395 1338 4456 pingit

321 4471 362 4520 ⁷2.
375 4470 477 4521 Roman
487 4474 609 4538 pervenire
620 4489 684 4523 meos
694 4471 788 4522 libellos
839 4471 927 4520 Bevar.
936 4471 1056 4519 ctErlurt.
1069 4464 1288 4515 TabronemErsurt.
1299 4466 1339 4515 Dc

289 4560 336 4594 non
350 4553 418 4611 puto,
428 4562 476 4611 quo
486 4548 575 4597 Boreas
585 4548 646 4614 ipse,
659 4545 789 4613 quiexhis
839 4545 885 4595 hac
901 4545 980 4594 insule
1000 4543 1131 4606 Taprobane
1147 4538 1244 4587 inmari
1259 4538 1339 4589 iudico
1370 4598 1375 4607 ¹

286 4619 520 4686 septentrionalibus
530 4623 611 4681 oritur,
620 4622 659 4672 vix
674 4620 788 4689 penenit,
839 4619 903 4668 varie
920 4617 1069 4667 tradiderunt
1086 4623 1186 4670 remes,
1200 4620 1225 4663 et
1239 4612 1339 4678 quidem
