3609 5967
496 764 561 835 514
787 764 826 830 Ρ.
851 761 1014 828 OVIDIl
1039 760 1254 827 NASONIS

500 941 566 1029 Ut,
586 965 663 1039 qua
681 964 805 1015 remus
823 938 895 1012 iter
911 938 1031 1035 pulsis
1047 936 1161 1010 modo
1179 934 1320 1011 fecerat
1337 938 1462 1025 undis,

551 1058 685 1133 Siccus
702 1067 894 1132 contemta
911 1080 1007 1131 nave
1022 1052 1144 1127 viator
1160 1064 1235 1127 eat.

499 1173 575 1259 Qui
591 1176 747 1250 veniunt
763 1174 887 1259 istinc,
906 1172 971 1244 vix
988 1180 1056 1244 rios
1072 1193 1120 1243 ea
1137 1170 1292 1243 credere
1310 1169 1464 1243 dicunt:
1507 1174 1564 1242 35

547 1289 672 1375 Quam
690 1290 805 1363 miser
820 1296 892 1373 est,
912 1287 978 1383 qui
996 1284 1068 1359 fert
1084 1284 1276 1383 asperiora
1288 1285 1384 1361 fidel

501 1407 626 1482 Crede
644 1417 794 1480 tamen:
824 1427 894 1477 nec
914 1413 951 1477 te
969 1426 1106 1477 causas
1124 1402 1272 1476 nescire
1290 1404 1481 1489 sinemus,‘

550 1522 714 1597 Horrida
732 1520 983 1595 Sarmaticum
1001 1544 1070 1594 cur
1083 1542 1187 1593 mare
1204 1520 1315 1593 duret
1331 1521 1479 1619 hyems,

500 1638 682 1713 Proxima
699 1649 788 1711 suut
805 1636 915 1711 nobis
932 1635 1090 1735 plaustri
1111 1634 1320 1733 praebentia
1336 1634 1505 1721 formam,

551 1752 603 1829 Et
620 1779 705 1853 quae
720 1753 954 1854 praecipuum
973 1753 1099 1828 sidera
1113 1752 1233 1850 frigus
1249 1753 1404 1827 habent.
1505 1756 1561 1824 40

502 1868 603 1945 Hinc
620 1869 738 1945 oritur
756 1870 912 1956 Boreas,
928 1893 1081 1967 oraeque
1098 1868 1332 1945 domesticus
1349 1869 1437 1943 huic
1453 1880 1525 1956 est,

461 2002 464 2012 ·
551 1984 603 2061 Et
620 1986 736 2061 sumit
753 1986 849 2062 vires
868 2009 891 2059 a
909 1986 1082 2084 propiore
1100 1988 1197 2061 loco.

501 2102 553 2177 At
571 2101 711 2190 Notus,
729 2103 888 2178 adverso
905 2102 1078 2201 tepidum
1092 2102 1158 2202 qui
1177 2102 1298 2202 spirat
1314 2102 1363 2176 ab
1379 2125 1463 2187 axe,

551 2217 623 2292 Est
639 2219 784 2317 procul,
803 2230 842 2294 et
859 2240 965 2292 rarus
982 2218 1272 2316 languidiorque
1288 2218 1404 2293 venit.

502 2334 612 2410 Adde
626 2336 728 2433 quod
741 2334 803 2409 hic
818 2336 949 2410 clauso
962 2337 1168 2410 miscentur
1180 2334 1338 2409 flumina
1349 2334 1486 2419 Ponto,
1504 2337 1557 2406 45

552 2450 717 2549 Vimque
734 2450 871 2526 fretum
889 2453 1010 2525 multo
1027 2450 1155 2551 perdit
1171 2452 1220 2525 ab
1238 2474 1349 2525 amne
1366 2475 1485 2524 suam.

505 2564 590 2651 Huc
610 2566 751 2666 Lycus,
763 2568 837 2642 lruc
858 2568 1023 2665 Sagaris,
1041 2568 1276 2666 Peniusque,
1291 2566 1557 2665 Hypanisque,

654 2683 867 2781 Cretesque

555 2796 697 2887 lufluit,
712 2796 757 2874 ¹et
773 2800 906 2875 crebro
922 2800 1063 2873 vortice
1079 2810 1201 2873 tortus
1219 2795 1363 2897 Halys:

536 3056 576 3105 39.
594 3055 808 3121 Sideroprelentio
817 3060 923 3125 sonoras
935 3060 1005 3122 plou-
1056 3072 1173 3113 sicarum,
1192 3056 1264 3103 immo
1281 3053 1360 3110 dulos,
1378 3061 1402 3102 et
1420 3054 1561 3117 congelatur

503 3129 567 3193 aa]
586 3130 771 3197 Septentriones
782 3132 849 3181 dicit.
1056 3138 1140 3179 contra
1149 3128 1221 3178 mnis
1235 3133 1357 3188 salmam
1373 3126 1429 3176 ride
1439 3128 1559 3183 Gellium.

537 3204 577 3253 41.
595 3204 642 3253 Hic
657 3209 733 3255 oritur
745 3206 849 3269 aoso]
870 3206 899 3255 In
910 3204 957 3253 lrac
967 3219 1004 3253 re-
1055 3203 1099 3253 lu.
1109 3204 1219 3269 xri.cap.
1230 3204 1255 3251 8.

495 3279 573 3343 ,εἰοηε
590 3280 768 3345 septentrionali
785 3282 875 3330 Boreas
891 3279 1005 3335 nascitur,
1089 3279 1129 3327 47.
1148 3276 1203 3325 Hoc
1212 3276 1291 3341 Lycto
1301 3275 1406 3341 influit]
1425 3276 1504 3340 Lycus
1512 3274 1558 3324 flo-

503 3362 528 3401 et
545 3352 602 3401 flare
618 3352 703 3421 incipit
719 3354 891 3405 vehementius.
925 3352 1006 3401 Nostri
1056 3352 1110 3401 vius
1120 3352 1208 3400 labitur
1218 3350 1244 3399 in
1255 3349 1300 3399 lroc
1313 3365 1378 3399 mare
1388 3350 1522 3406 Ponticum,
1532 3360 1560 3399 et

504 3426 1006 3492 simmaanoraeqosoomeoiooloam.
1056 3424 1112 3475 ideo
1129 3424 1278 3489 congelatur.
1318 3424 1362 3473 ast
1382 3432 1461 3473 sutem
1481 3424 1560 3487 Lycus

505 3498 582 3548 Etest
593 3500 738 3567 propinquus
750 3501 806 3551 lruic
823 3499 922 3565 regioni,
933 3514 1006 3566 qoam
1056 3499 1144 3548 fluvius
1162 3498 1291 3547 Amoris.
1329 3497 1423 3555 Strabo,
1445 3504 1461 3526 “
1472 3498 1557 3554 Multi,

506 3588 551 3639 ego
561 3572 649 3623 incolo.
1056 3572 1145 3639 inquit,
1156 3586 1239 3621 amnes
1256 3581 1312 3621 sont
1330 3570 1356 3620 in
1370 3570 1499 3632 Armenia5
1514 3573 1558 3621 sed

539 3648 580 3697 45.
596 3650 662 3698 Adde
675 3652 733 3713 qood
748 3650 785 3699 lic
801 3649 901 3712 oleum]
921 3646 1008 3697 Scribit
1056 3646 1182 3696 clarissimi
1201 3645 1286 3695 Pliada
1303 3656 1328 3694 et
1347 3646 1435 3711 Lycos,
1450 3646 1475 3694 in
1494 3662 1559 3695 mue

505 3721 652 3781 Macrobius,
661 3738 748 3787 aquarn
757 3721 873 3773 marinam
884 3735 1007 3787 nunquam
1058 3718 1331 3769 Ponticumereuntes.”
1353 3720 1512 3785 HucSogoris
1528 3720 1559 3769 lu

506 3795 561 3859 gelu
573 3796 689 3844 contrahi.
1056 3810 1099 3845 ora
1119 3796 1220 3846 Pontica
1234 3804 1290 3860 post
1304 3794 1421 3860 Boephori
1438 3794 1518 3844 laum
1533 3806 1562 3844 et

474 3871 478 3877 ’
540 3868 695 3933 Verpoorten.
706 3876 723 3897 ‘¹
737 3884 801 3919 more
817 3870 1009 3935 numquam,ait‚
1059 3868 1168 3919 ercsnm
1184 3884 1287 3926 amnem,
1304 3874 1445 3935 portamus
1461 3868 1559 3933 Calpes,

506 3940 563 4005 gelu
584 3939 781 3998 dominatores
803 3942 965 4000 crediderunt,
983 3952 1011 3993 ut
1058 3951 1097 3993 est
1110 3942 1205 4009 Sogane
1221 3942 1391 4000 florius,ortus
1403 3942 1428 3990 in
1446 3942 1560 4008 Phrygis.

507 4015 606 4081 adparet
615 4029 645 4063 ox
654 4013 736 4063 Gallio
747 4012 804 4063 xvii.
817 4018 840 4064 S.
862 4015 957 4066 Reddit
966 4032 1010 4081 tgr
1061 4016 1218 4082 Hypanisque.
1261 4017 1379 4083 Hypanis,
1406 4016 1491 4066 fluvius
1521 4028 1559 4066 est

508 4098 546 4140 tur
562 4103 671 4138 causam
682 4087 792 4147 Ovidius,
803 4104 846 4139 cur
865 4089 957 4140 Pontus
974 4098 1009 4139 ta·
1059 4090 1164 4156 Scythia
1182 4106 1211 4140 ex
1228 4105 1317 4155 magna
1328 4089 1419 4155 palude
1434 4091 1560 4157 profluens,

510 4178 563 4212 men
575 4162 736 4227 congelascat,
749 4162 807 4227 quia
816 4163 846 4211 ob
857 4163 1011 4229 plurimorum
1060 4172 1088 4213 ut
1098 4164 1168 4214 docet
1179 4164 1325 4214 Herodotus.
1347 4164 1477 4229 Creteque.
1500 4166 1560 4215 Cra-

509 4237 633 4286 fluminum
649 4246 744 4301 aquam,
753 4237 779 4285 in
793 4252 885 4286 summo
900 4236 1011 4288 innatan-
1061 4245 1110 4287 tem
1119 4237 1217 4288 flurium
1227 4239 1259 4287 ad
1269 4254 1334 4287 orsrn
1343 4237 1469 4288 Ponticam
1479 4240 1560 4297 flam,

403 4376 406 4381 ,
509 4320 684 4367 tem‚uaturenr
694 4310 1012 4361 madalereamittattinlrs
1062 4312 1101 4361 hic
1117 4312 1195 4362 innuit
1209 4312 1319 4362 Ovidius.
1350 4314 1403 4378 Fgo
1419 4311 1479 4362 nihil
1493 4328 1559 4363 com-

512 4402 535 4435 v.
547 4387 632 4435 59-64.
643 4385 698 4448 (ubi
709 4386 882 4451 vide.)Eadem
892 4385 924 4436 de
935 4386 1012 4437 Ponto
1060 4393 1154 4450 pertun
1167 4384 1253 4435 habeo.
1287 4385 1377 4448 ζάλης
1386 4394 1467 4437 sutem
1476 4386 1562 4438 florius

509 4459 691 4523 congelascente
706 4458 901 4510 traditanerius
912 4460 1012 4510 llsccos
1060 4468 1098 4509 est
1117 4458 1188 4525 hujus
1209 4467 1299 4509 tractus
1317 4460 1444 4511 Eustathio
1461 4461 1564 4511 Sclroliis

509 4532 563 4580 libr.
573 4532 605 4581 iv.
617 4533 759 4601 721.sqq.”
792 4536 906 4585 Hlarus.
1060 4532 1086 4583 in
1096 4532 1244 4601 Periegsten.
1277 4535 1368 4597 Κᾶληξ
1377 4536 1564 4603 ost'l'lrucydidi,

542 4606 583 4655 to.
610 4606 692 4657 Perdit
712 4612 757 4657 uim
777 4608 863 4673 trinu]
898 4608 954 4677 Non
975 4617 1012 4659 est
1060 4606 1104 4657 lib.
1115 4608 1148 4657 iv.
1160 4608 1282 4675 Λάμαχος
1298 4610 1326 4660 ἐν
1339 4612 1373 4675 rp‘
1387 4610 1564 4676 'nposlo'moa
