<?xml version="1.0" encoding="UTF-8"?>
<!DOCTYPE html PUBLIC "-//W3C//DTD XHTML 1.0 Transitional//EN"
    "http://www.w3.org/TR/xhtml1/DTD/xhtml1-transitional.dtd">
<html xmlns="http://www.w3.org/1999/xhtml" xml:lang="en" lang="en">
 <head>
  <title>
</title>
<meta http-equiv="Content-Type" content="text/html;charset=utf-8" />
  <meta name='ocr-system' content='tesseract 3.04.00' />
  <meta name='ocr-capabilities' content='ocr_page ocr_carea ocr_par ocr_line ocrx_word'/>
</head>
<body>
  <div class='ocr_page' id='page_1' title='image "./opera02giergoog_0369.png"; bbox 0 0 3609 5967; ppageno 0'>
   <div class='ocr_carea' id='block_1_1' title="bbox 1249 781 1319 847">
    <p class='ocr_par' dir='ltr' id='par_1_1' title="bbox 1249 781 1319 847">
     <span class='ocr_line' id='line_1_1' title="bbox 1249 781 1319 847; baseline 0.014 -1"><span class='ocrx_word' id='word_1_1' title='bbox 1249 781 1319 847; x_wconf 77' lang='lat'><strong>363</strong></span> 
     </span>
    </p>
   </div>
   <div class='ocr_carea' id='block_1_2' title="bbox 455 775 1127 855">
    <p class='ocr_par' dir='ltr' id='par_1_2' title="bbox 455 775 1127 855">
     <span class='ocr_line' id='line_1_2' title="bbox 455 775 1127 855; baseline -0.004 -7"><span class='ocrx_word' id='word_1_2' title='bbox 455 781 525 848; x_wconf 84' lang='lat' dir='ltr'><strong>EX</strong></span> <span class='ocrx_word' id='word_1_3' title='bbox 548 778 710 855; x_wconf 82' lang='grc' dir='ltr'><strong>ΡΟΝΤΟ</strong></span> <span class='ocrx_word' id='word_1_4' title='bbox 734 775 826 845; x_wconf 78' lang='lat' dir='ltr'><strong>LIB.</strong></span> <span class='ocrx_word' id='word_1_5' title='bbox 851 777 880 844; x_wconf 91' lang='grc' dir='ltr'><strong>Ι.</strong></span> <span class='ocrx_word' id='word_1_6' title='bbox 903 777 1051 844; x_wconf 82' lang='lat' dir='ltr'><strong>EPIST.</strong></span> <span class='ocrx_word' id='word_1_7' title='bbox 1076 778 1127 845; x_wconf 89' lang='lat'><strong>11.</strong></span> 
     </span>
    </p>
   </div>
   <div class='ocr_carea' id='block_1_3' title="bbox 269 952 1324 2797">
    <p class='ocr_par' dir='ltr' id='par_1_3' title="bbox 269 952 1275 1167">
     <span class='ocr_line' id='line_1_3' title="bbox 269 952 1275 1054; baseline -0.002 -22"><span class='ocrx_word' id='word_1_8' title='bbox 269 957 470 1054; x_wconf 82' lang='lat' dir='ltr'><strong>Quamque</strong></span> <span class='ocrx_word' id='word_1_9' title='bbox 488 954 627 1031; x_wconf 84' lang='lat' dir='ltr'>dedere</span> <span class='ocrx_word' id='word_1_10' title='bbox 645 952 736 1026; x_wconf 90' lang='lat' dir='ltr'><strong>mihi</strong></span> <span class='ocrx_word' id='word_1_11' title='bbox 755 953 960 1052; x_wconf 86' lang='lat' dir='ltr'><strong>praesentia</strong></span> <span class='ocrx_word' id='word_1_12' title='bbox 977 953 1131 1027; x_wconf 88' lang='lat' dir='ltr'><strong>nurnine</strong></span> <span class='ocrx_word' id='word_1_13' title='bbox 1148 953 1275 1042; x_wconf 87' lang='lat' dir='ltr'><strong>vitam,</strong></span> 
     </span>
     <span class='ocr_line' id='line_1_4' title="bbox 322 1071 1211 1167; baseline 0.001 -22"><span class='ocrx_word' id='word_1_14' title='bbox 322 1073 358 1145; x_wconf 95' lang='lat' dir='ltr'>N</span> <span class='ocrx_word' id='word_1_15' title='bbox 361 1097 410 1145; x_wconf 91' lang='lat' dir='ltr'><strong>ou</strong></span> <span class='ocrx_word' id='word_1_16' title='bbox 427 1073 570 1146; x_wconf 84' lang='lat' dir='ltr'><strong>adimat</strong></span> <span class='ocrx_word' id='word_1_17' title='bbox 587 1071 719 1144; x_wconf 89' lang='lat' dir='ltr'><strong>stricto</strong></span> <span class='ocrx_word' id='word_1_18' title='bbox 736 1071 949 1167; x_wconf 82' lang='lat' dir='ltr'><strong>squallidus</strong></span> <span class='ocrx_word' id='word_1_19' title='bbox 968 1093 1059 1145; x_wconf 90' lang='lat' dir='ltr'><strong>ense</strong></span> <span class='ocrx_word' id='word_1_20' title='bbox 1079 1071 1211 1146; x_wconf 84' lang='lat' dir='ltr'><strong>Getes.</strong></span> 
     </span>
    </p>

    <p class='ocr_par' dir='ltr' id='par_1_4' title="bbox 272 1188 1318 1403">
     <span class='ocr_line' id='line_1_5' title="bbox 272 1188 1318 1287; baseline 0 -25"><span class='ocrx_word' id='word_1_21' title='bbox 272 1189 461 1286; x_wconf 89' lang='lat' dir='ltr'><strong>Denique,</strong></span> <span class='ocrx_word' id='word_1_22' title='bbox 480 1188 513 1262; x_wconf 90' lang='lat' dir='ltr'><strong>si</strong></span> <span class='ocrx_word' id='word_1_23' title='bbox 531 1189 678 1275; x_wconf 89' lang='lat' dir='ltr'><strong>moriar,</strong></span> <span class='ocrx_word' id='word_1_24' title='bbox 698 1188 862 1262; x_wconf 85' lang='lat' dir='ltr'><strong>subeant</strong></span> <span class='ocrx_word' id='word_1_25' title='bbox 880 1188 1052 1287; x_wconf 85' lang='lat' dir='ltr'><strong>pacatius</strong></span> <span class='ocrx_word' id='word_1_26' title='bbox 1071 1212 1199 1262; x_wconf 88' lang='lat' dir='ltr'><strong>arvum</strong></span> <span class='ocrx_word' id='word_1_27' title='bbox 1250 1193 1318 1262; x_wconf 92' lang='grc'><strong>109</strong></span> 
     </span>
     <span class='ocr_line' id='line_1_6' title="bbox 322 1303 1305 1403; baseline -0.001 -25"><span class='ocrx_word' id='word_1_28' title='bbox 322 1305 434 1392; x_wconf 87' lang='lat' dir='ltr'><strong>Ossa,</strong></span> <span class='ocrx_word' id='word_1_29' title='bbox 454 1330 525 1379; x_wconf 92' lang='lat' dir='ltr'><strong>nec</strong></span> <span class='ocrx_word' id='word_1_30' title='bbox 544 1329 568 1378; x_wconf 88' lang='lat' dir='ltr'><strong>a</strong></span> <span class='ocrx_word' id='word_1_31' title='bbox 585 1305 769 1403; x_wconf 86' lang='lat' dir='ltr'><strong>Scythica</strong></span> <span class='ocrx_word' id='word_1_32' title='bbox 783 1315 913 1379; x_wconf 87' lang='lat' dir='ltr'><strong>nostra</strong></span> <span class='ocrx_word' id='word_1_33' title='bbox 932 1315 1149 1402; x_wconf 87' lang='lat' dir='ltr'><strong>premantur</strong></span> <span class='ocrx_word' id='word_1_34' title='bbox 1166 1303 1280 1376; x_wconf 90' lang='lat' dir='ltr'><strong>humo</strong></span> <span class='ocrx_word' id='word_1_35' title='bbox 1297 1331 1305 1377; x_wconf 92' lang='lat'>:</span> 
     </span>
    </p>

    <p class='ocr_par' dir='ltr' id='par_1_5' title="bbox 272 1419 1296 1634">
     <span class='ocr_line' id='line_1_7' title="bbox 272 1419 1296 1519; baseline -0.002 -26"><span class='ocrx_word' id='word_1_36' title='bbox 272 1419 355 1495; x_wconf 90' lang='lat' dir='ltr'><strong>Nec</strong></span> <span class='ocrx_word' id='word_1_37' title='bbox 373 1422 472 1496; x_wconf 87' lang='lat' dir='ltr'><strong>male</strong></span> <span class='ocrx_word' id='word_1_38' title='bbox 490 1421 734 1519; x_wconf 87' lang='lat' dir='ltr'><strong>compositos,</strong></span> <span class='ocrx_word' id='word_1_39' title='bbox 752 1430 796 1493; x_wconf 91' lang='lat' dir='ltr'><strong>ut</strong></span> <span class='ocrx_word' id='word_1_40' title='bbox 812 1421 959 1495; x_wconf 90' lang='lat' dir='ltr'><strong>scilicet</strong></span> <span class='ocrx_word' id='word_1_41' title='bbox 976 1419 1109 1493; x_wconf 87' lang='lat' dir='ltr'><strong>exsule</strong></span> <span class='ocrx_word' id='word_1_42' title='bbox 1127 1419 1296 1515; x_wconf 86' lang='lat' dir='ltr'><strong>dignum,</strong></span> 
     </span>
     <span class='ocr_line' id='line_1_8' title="bbox 321 1536 1080 1634; baseline 0 -24"><span class='ocrx_word' id='word_1_43' title='bbox 321 1536 484 1612; x_wconf 87' lang='lat' dir='ltr'><strong>Bistonii</strong></span> <span class='ocrx_word' id='word_1_44' title='bbox 502 1536 648 1610; x_wconf 90' lang='lat' dir='ltr'><strong>cineres</strong></span> <span class='ocrx_word' id='word_1_45' title='bbox 665 1536 808 1632; x_wconf 86' lang='lat' dir='ltr'><strong>ungula</strong></span> <span class='ocrx_word' id='word_1_46' title='bbox 824 1537 952 1634; x_wconf 90' lang='lat' dir='ltr'><strong>pulset</strong></span> <span class='ocrx_word' id='word_1_47' title='bbox 969 1536 1080 1634; x_wconf 90' lang='lat' dir='ltr'><strong>equi:</strong></span> 
     </span>
    </p>

    <p class='ocr_par' dir='ltr' id='par_1_6' title="bbox 273 1649 1224 1844">
     <span class='ocr_line' id='line_1_9' title="bbox 273 1649 1224 1752; baseline 0.002 -28"><span class='ocrx_word' id='word_1_48' title='bbox 273 1649 324 1724; x_wconf 87' lang='lat' dir='ltr'><strong>Et</strong></span> <span class='ocrx_word' id='word_1_49' title='bbox 341 1676 401 1740; x_wconf 91' lang='lat' dir='ltr'><strong>ne,</strong></span> <span class='ocrx_word' id='word_1_50' title='bbox 421 1653 453 1725; x_wconf 90' lang='lat' dir='ltr'><strong>si</strong></span> <span class='ocrx_word' id='word_1_51' title='bbox 471 1662 645 1752; x_wconf 88' lang='lat' dir='ltr'><strong>superest</strong></span> <span class='ocrx_word' id='word_1_52' title='bbox 663 1652 807 1751; x_wconf 92' lang='lat' dir='ltr'><strong>aliquid</strong></span> <span class='ocrx_word' id='word_1_53' title='bbox 824 1665 912 1751; x_wconf 92' lang='lat' dir='ltr'><strong>post</strong></span> <span class='ocrx_word' id='word_1_54' title='bbox 928 1652 1061 1728; x_wconf 85' lang='lat' dir='ltr'><strong>funera</strong></span> <span class='ocrx_word' id='word_1_55' title='bbox 1078 1677 1224 1742; x_wconf 82' lang='lat' dir='ltr'><strong>sensuS,</strong></span> 
     </span>
     <span class='ocr_line' id='line_1_10' title="bbox 322 1767 1193 1844; baseline 0.003 -4"><span class='ocrx_word' id='word_1_56' title='bbox 322 1767 479 1844; x_wconf 88' lang='lat' dir='ltr'><strong>Terreat</strong></span> <span class='ocrx_word' id='word_1_57' title='bbox 497 1769 557 1842; x_wconf 90' lang='lat' dir='ltr'><strong>bic</strong></span> <span class='ocrx_word' id='word_1_58' title='bbox 575 1792 705 1844; x_wconf 89' lang='lat' dir='ltr'><strong>manes</strong></span> <span class='ocrx_word' id='word_1_59' title='bbox 725 1769 908 1843; x_wconf 87' lang='lat' dir='ltr'><strong>Sarmatis</strong></span> <span class='ocrx_word' id='word_1_60' title='bbox 926 1771 1060 1844; x_wconf 89' lang='lat' dir='ltr'><strong>umbra</strong></span> <span class='ocrx_word' id='word_1_61' title='bbox 1076 1793 1193 1843; x_wconf 87' lang='lat' dir='ltr'><strong>meos.</strong></span> 
     </span>
    </p>

    <p class='ocr_par' dir='ltr' id='par_1_7' title="bbox 276 1882 1321 2090">
     <span class='ocr_line' id='line_1_11' title="bbox 276 1882 1321 1982; baseline 0.003 -25"><span class='ocrx_word' id='word_1_62' title='bbox 276 1882 440 1957; x_wconf 73' lang='lat' dir='ltr'><strong>Caesaris</strong></span> <span class='ocrx_word' id='word_1_63' title='bbox 455 1884 537 1957; x_wconf 82' lang='lat' dir='ltr'><strong>haec</strong></span> <span class='ocrx_word' id='word_1_64' title='bbox 556 1883 721 1958; x_wconf 87' lang='lat' dir='ltr'><strong>animum</strong></span> <span class='ocrx_word' id='word_1_65' title='bbox 736 1894 912 1982; x_wconf 87' lang='lat' dir='ltr'><strong>poterant</strong></span> <span class='ocrx_word' id='word_1_66' title='bbox 923 1885 1053 1964; x_wconf 88' lang='lat' dir='ltr'><strong>audita</strong></span> <span class='ocrx_word' id='word_1_67' title='bbox 1066 1909 1228 1972; x_wconf 85' lang='lat' dir='ltr'><strong>movere,</strong></span> <span class='ocrx_word' id='word_1_68' title='bbox 1252 1889 1321 1960; x_wconf 87' lang='grc'><strong>115</strong></span> 
     </span>
     <span class='ocr_line' id='line_1_12' title="bbox 322 1998 1197 2090; baseline 0.007 -20"><span class='ocrx_word' id='word_1_69' title='bbox 322 1998 493 2073; x_wconf 87' lang='lat' dir='ltr'><strong>Maxime</strong></span> <span class='ocrx_word' id='word_1_70' title='bbox 509 2029 518 2090; x_wconf 93' lang='lat'>;</span> <span class='ocrx_word' id='word_1_71' title='bbox 548 2000 755 2074; x_wconf 84' lang='lat' dir='ltr'><strong>movissent</strong></span> <span class='ocrx_word' id='word_1_72' title='bbox 771 2001 804 2073; x_wconf 90' lang='lat' dir='ltr'><strong>si</strong></span> <span class='ocrx_word' id='word_1_73' title='bbox 823 2012 951 2076; x_wconf 87' lang='lat' dir='ltr'><strong>tamen</strong></span> <span class='ocrx_word' id='word_1_74' title='bbox 969 2012 1058 2078; x_wconf 86' lang='lat' dir='ltr'><strong>ente</strong></span> <span class='ocrx_word' id='word_1_75' title='bbox 1076 2012 1197 2076; x_wconf 89' lang='lat' dir='ltr'><strong>tuum.</strong></span> 
     </span>
    </p>

    <p class='ocr_par' dir='ltr' id='par_1_8' title="bbox 272 2113 1299 2331">
     <span class='ocr_line' id='line_1_13' title="bbox 272 2113 1299 2215; baseline 0.003 -28"><span class='ocrx_word' id='word_1_76' title='bbox 272 2113 371 2201; x_wconf 85' lang='lat' dir='ltr'><strong>Vox,</strong></span> <span class='ocrx_word' id='word_1_77' title='bbox 388 2139 535 2214; x_wconf 83' lang='lat' dir='ltr'><strong>precor,</strong></span> <span class='ocrx_word' id='word_1_78' title='bbox 555 2115 749 2212; x_wconf 86' lang='lat' dir='ltr'><strong>Augustas</strong></span> <span class='ocrx_word' id='word_1_79' title='bbox 766 2139 835 2215; x_wconf 92' lang='lat' dir='ltr'><strong>pro</strong></span> <span class='ocrx_word' id='word_1_80' title='bbox 852 2141 914 2190; x_wconf 90' lang='lat' dir='ltr'><strong>me</strong></span> <span class='ocrx_word' id='word_1_81' title='bbox 932 2128 998 2190; x_wconf 90' lang='lat' dir='ltr'><strong>tua</strong></span> <span class='ocrx_word' id='word_1_82' title='bbox 1015 2117 1161 2192; x_wconf 89' lang='lat' dir='ltr'><strong>molliat</strong></span> <span class='ocrx_word' id='word_1_83' title='bbox 1178 2141 1299 2203; x_wconf 88' lang='lat' dir='ltr'><strong>aures,</strong></span> 
     </span>
     <span class='ocr_line' id='line_1_14' title="bbox 322 2229 1091 2331; baseline 0.004 -27"><span class='ocrx_word' id='word_1_84' title='bbox 322 2229 477 2305; x_wconf 85' lang='lat' dir='ltr'><strong>Auxilio</strong></span> <span class='ocrx_word' id='word_1_85' title='bbox 495 2232 654 2331; x_wconf 89' lang='lat' dir='ltr'><strong>trepidis</strong></span> <span class='ocrx_word' id='word_1_86' title='bbox 672 2258 759 2330; x_wconf 85' lang='lat' dir='ltr'><strong>quac</strong></span> <span class='ocrx_word' id='word_1_87' title='bbox 777 2234 875 2307; x_wconf 88' lang='lat' dir='ltr'><strong>solet</strong></span> <span class='ocrx_word' id='word_1_88' title='bbox 891 2257 978 2308; x_wconf 88' lang='lat' dir='ltr'><strong>esse</strong></span> <span class='ocrx_word' id='word_1_89' title='bbox 995 2232 1091 2307; x_wconf 88' lang='lat' dir='ltr'><strong>reis:</strong></span> 
     </span>
    </p>

    <p class='ocr_par' dir='ltr' id='par_1_9' title="bbox 272 2345 1324 2563">
     <span class='ocr_line' id='line_1_15' title="bbox 272 2345 1126 2445; baseline 0.002 -25"><span class='ocrx_word' id='word_1_90' title='bbox 272 2345 524 2444; x_wconf 87' lang='lat' dir='ltr'><strong>Adsuetaque</strong></span> <span class='ocrx_word' id='word_1_91' title='bbox 539 2349 610 2422; x_wconf 88' lang='lat' dir='ltr'><strong>tibi</strong></span> <span class='ocrx_word' id='word_1_92' title='bbox 627 2349 751 2423; x_wconf 83' lang='lat' dir='ltr'><strong>doctae</strong></span> <span class='ocrx_word' id='word_1_93' title='bbox 769 2348 971 2423; x_wconf 82' lang='lat' dir='ltr'><strong>dulcedine</strong></span> <span class='ocrx_word' id='word_1_94' title='bbox 988 2349 1126 2445; x_wconf 85' lang='lat' dir='ltr'><strong>liuguae</strong></span> 
     </span>
     <span class='ocr_line' id='line_1_16' title="bbox 323 2463 1324 2563; baseline 0.002 -27"><span class='ocrx_word' id='word_1_95' title='bbox 323 2463 515 2560; x_wconf 86' lang='lat' dir='ltr'><strong>AEquandi</strong></span> <span class='ocrx_word' id='word_1_96' title='bbox 535 2463 692 2563; x_wconf 90' lang='lat' dir='ltr'><strong>Superis</strong></span> <span class='ocrx_word' id='word_1_97' title='bbox 709 2476 866 2563; x_wconf 90' lang='lat' dir='ltr'><strong>pectora</strong></span> <span class='ocrx_word' id='word_1_98' title='bbox 882 2465 994 2540; x_wconf 84' lang='lat' dir='ltr'><strong>flecte</strong></span> <span class='ocrx_word' id='word_1_99' title='bbox 1010 2465 1091 2538; x_wconf 87' lang='lat' dir='ltr'><strong>viri.</strong></span> <span class='ocrx_word' id='word_1_100' title='bbox 1254 2469 1324 2538; x_wconf 87' lang='lat'><strong>120</strong></span> 
     </span>
    </p>

    <p class='ocr_par' dir='ltr' id='par_1_10' title="bbox 275 2578 1321 2797">
     <span class='ocr_line' id='line_1_17' title="bbox 275 2578 1321 2677; baseline 0.006 -27"><span class='ocrx_word' id='word_1_101' title='bbox 275 2578 312 2651; x_wconf 95' lang='lat' dir='ltr'>N</span> <span class='ocrx_word' id='word_1_102' title='bbox 314 2603 364 2652; x_wconf 92' lang='lat' dir='ltr'><strong>on</strong></span> <span class='ocrx_word' id='word_1_103' title='bbox 377 2580 447 2653; x_wconf 88' lang='lat' dir='ltr'><strong>tibi</strong></span> <span class='ocrx_word' id='word_1_104' title='bbox 463 2579 739 2668; x_wconf 85' lang='lat' dir='ltr'><strong>Theromedon,</strong></span> <span class='ocrx_word' id='word_1_105' title='bbox 755 2581 940 2656; x_wconf 87' lang='lat' dir='ltr'><strong>crudusve</strong></span> <span class='ocrx_word' id='word_1_106' title='bbox 960 2580 1152 2677; x_wconf 82' lang='lat' dir='ltr'><strong>rogabitur</strong></span> <span class='ocrx_word' id='word_1_107' title='bbox 1170 2579 1321 2670; x_wconf 86' lang='lat' dir='ltr'><strong>Atreus,</strong></span> 
     </span>
     <span class='ocr_line' id='line_1_18' title="bbox 325 2693 1177 2797; baseline 0.001 -28"><span class='ocrx_word' id='word_1_108' title='bbox 325 2693 479 2794; x_wconf 90' lang='lat' dir='ltr'><strong>Quique</strong></span> <span class='ocrx_word' id='word_1_109' title='bbox 497 2697 576 2771; x_wconf 89' lang='lat' dir='ltr'><strong>suis</strong></span> <span class='ocrx_word' id='word_1_110' title='bbox 594 2698 763 2774; x_wconf 90' lang='lat' dir='ltr'><strong>homiues</strong></span> <span class='ocrx_word' id='word_1_111' title='bbox 782 2699 921 2797; x_wconf 90' lang='lat' dir='ltr'><strong>pabula</strong></span> <span class='ocrx_word' id='word_1_112' title='bbox 938 2697 1029 2772; x_wconf 84' lang='lat' dir='ltr'><strong>fecit</strong></span> <span class='ocrx_word' id='word_1_113' title='bbox 1045 2696 1177 2794; x_wconf 89' lang='lat' dir='ltr'><strong>equis:</strong></span> 
     </span>
    </p>
   </div>
   <div class='ocr_carea' id='block_1_4' title="bbox 273 2920 777 4689">
    <p class='ocr_par' dir='ltr' id='par_1_11' title="bbox 274 2920 774 3062">
     <span class='ocr_line' id='line_1_19' title="bbox 309 2920 774 2990; baseline 0.006 -21"><span class='ocrx_word' id='word_1_114' title='bbox 309 2920 365 2970; x_wconf 85' lang='lat' dir='ltr'><strong>loe.</strong></span> <span class='ocrx_word' id='word_1_115' title='bbox 382 2921 517 2985; x_wconf 81' lang='lat' dir='ltr'><strong>Squallidos</strong></span> <span class='ocrx_word' id='word_1_116' title='bbox 531 2921 620 2990; x_wconf 75' lang='lat' dir='ltr'><strong>Getes]</strong></span> <span class='ocrx_word' id='word_1_117' title='bbox 639 2923 714 2974; x_wconf 79' lang='lat' dir='ltr'><strong>Getes</strong></span> <span class='ocrx_word' id='word_1_118' title='bbox 727 2923 774 2972; x_wconf 88' lang='lat' dir='ltr'><strong>im·</strong></span> 
     </span>
     <span class='ocr_line' id='line_1_20' title="bbox 274 2993 679 3062; baseline 0.007 -20"><span class='ocrx_word' id='word_1_119' title='bbox 274 2993 385 3052; x_wconf 84' lang='lat' dir='ltr'><strong>mundus,</strong></span> <span class='ocrx_word' id='word_1_120' title='bbox 397 2993 515 3052; x_wconf 85' lang='lat' dir='ltr'><strong>horridus,</strong></span> <span class='ocrx_word' id='word_1_121' title='bbox 527 3004 552 3044; x_wconf 88' lang='lat' dir='ltr'><strong>et</strong></span> <span class='ocrx_word' id='word_1_122' title='bbox 562 2994 679 3062; x_wconf 78' lang='lat' dir='ltr'><strong>impexos.</strong></span> 
     </span>
    </p>

    <p class='ocr_par' dir='ltr' id='par_1_12' title="bbox 274 3068 775 3267">
     <span class='ocr_line' id='line_1_21' title="bbox 309 3068 775 3134; baseline 0.004 -17"><span class='ocrx_word' id='word_1_123' title='bbox 309 3069 365 3117; x_wconf 85' lang='grc'><strong>109.</strong></span> <span class='ocrx_word' id='word_1_124' title='bbox 382 3068 478 3118; x_wconf 60' lang='lat' dir='ltr'><strong>&amp;hem</strong></span> <span class='ocrx_word' id='word_1_125' title='bbox 486 3073 592 3132; x_wconf 77' lang='lat' dir='ltr'><strong>pacatius</strong></span> <span class='ocrx_word' id='word_1_126' title='bbox 599 3070 701 3134; x_wconf 71' lang='lat' dir='ltr'><strong>arvum]</strong></span> <span class='ocrx_word' id='word_1_127' title='bbox 721 3070 775 3118; x_wconf 77' lang='lat' dir='ltr'><strong>Me·</strong></span> 
     </span>
     <span class='ocr_line' id='line_1_22' title="bbox 274 3140 775 3202; baseline 0.01 -13"><span class='ocrx_word' id='word_1_128' title='bbox 274 3140 317 3190; x_wconf 84' lang='lat' dir='ltr'><strong>lim</strong></span> <span class='ocrx_word' id='word_1_129' title='bbox 329 3145 425 3192; x_wconf 77' lang='lat' dir='ltr'><strong>subsunt</strong></span> <span class='ocrx_word' id='word_1_130' title='bbox 436 3159 492 3194; x_wconf 87' lang='lat' dir='ltr'><strong>cum</strong></span> <span class='ocrx_word' id='word_1_131' title='bbox 502 3159 550 3194; x_wconf 86' lang='lat' dir='ltr'><strong>uno</strong></span> <span class='ocrx_word' id='word_1_132' title='bbox 560 3145 696 3202; x_wconf 83' lang='lat' dir='ltr'><strong>Helniensi,</strong></span> <span class='ocrx_word' id='word_1_133' title='bbox 707 3154 734 3194; x_wconf 92' lang='lat' dir='ltr'><strong>ut</strong></span> <span class='ocrx_word' id='word_1_134' title='bbox 744 3144 775 3195; x_wconf 85' lang='lat' dir='ltr'><strong>ed</strong></span> 
     </span>
     <span class='ocr_line' id='line_1_23' title="bbox 274 3217 581 3267; baseline 0.007 -2"><span class='ocrx_word' id='word_1_135' title='bbox 274 3233 321 3265; x_wconf 81' lang='lat' dir='ltr'><strong>ossa</strong></span> <span class='ocrx_word' id='word_1_136' title='bbox 331 3217 457 3266; x_wconf 75' lang='lat' dir='ltr'><strong>reseratur.</strong></span> <span class='ocrx_word' id='word_1_137' title='bbox 490 3217 581 3267; x_wconf 75' lang='lat' dir='ltr'><strong>Heres.</strong></span> 
     </span>
    </p>

    <p class='ocr_par' dir='ltr' id='par_1_13' title="bbox 275 3292 775 3430">
     <span class='ocr_line' id='line_1_24' title="bbox 310 3292 775 3356; baseline 0.006 -17"><span class='ocrx_word' id='word_1_138' title='bbox 310 3293 365 3340; x_wconf 94' lang='grc'><strong>111.</strong></span> <span class='ocrx_word' id='word_1_139' title='bbox 376 3292 441 3340; x_wconf 78' lang='lat' dir='ltr'><strong>Male</strong></span> <span class='ocrx_word' id='word_1_140' title='bbox 447 3293 689 3356; x_wconf 64' lang='lat' dir='ltr'><strong>compositoscineres]</strong></span> <span class='ocrx_word' id='word_1_141' title='bbox 707 3293 775 3342; x_wconf 78' lang='lat' dir='ltr'><strong>Male</strong></span> 
     </span>
     <span class='ocr_line' id='line_1_25' title="bbox 275 3365 391 3430; baseline 0.009 -15"><span class='ocrx_word' id='word_1_142' title='bbox 275 3365 391 3430; x_wconf 79' lang='lat' dir='ltr'><strong>sepultos.</strong></span> 
     </span>
    </p>

    <p class='ocr_par' dir='ltr' id='par_1_14' title="bbox 274 3437 775 3654">
     <span class='ocr_line' id='line_1_26' title="bbox 310 3437 775 3506; baseline 0.009 -19"><span class='ocrx_word' id='word_1_143' title='bbox 310 3440 364 3488; x_wconf 73' lang='lat' dir='ltr'><strong>nt.</strong></span> <span class='ocrx_word' id='word_1_144' title='bbox 375 3437 476 3489; x_wconf 66' lang='grc' dir='ltr'><strong>Βίκοηίέ</strong></span> <span class='ocrx_word' id='word_1_145' title='bbox 484 3441 559 3504; x_wconf 64' lang='lat' dir='ltr'><strong>equa]</strong></span> <span class='ocrx_word' id='word_1_146' title='bbox 578 3441 641 3506; x_wconf 81' lang='lat' dir='ltr'><strong>Equi</strong></span> <span class='ocrx_word' id='word_1_147' title='bbox 649 3441 775 3498; x_wconf 75' lang='lat' dir='ltr'><strong>Getarum,</strong></span> 
     </span>
     <span class='ocr_line' id='line_1_27' title="bbox 274 3513 775 3566; baseline 0.008 -4"><span class='ocrx_word' id='word_1_148' title='bbox 274 3513 399 3564; x_wconf 70' lang='lat' dir='ltr'><strong>Thraciam</strong></span> <span class='ocrx_word' id='word_1_149' title='bbox 425 3515 588 3565; x_wconf 84' lang='lat' dir='ltr'><strong>incolentium.</strong></span> <span class='ocrx_word' id='word_1_150' title='bbox 628 3516 674 3564; x_wconf 81' lang='lat' dir='ltr'><strong>Est</strong></span> <span class='ocrx_word' id='word_1_151' title='bbox 695 3525 775 3566; x_wconf 80' lang='lat' dir='ltr'><strong>eutem</strong></span> 
     </span>
     <span class='ocr_line' id='line_1_28' title="bbox 277 3587 684 3654; baseline 0.012 -20"><span class='ocrx_word' id='word_1_152' title='bbox 277 3587 406 3638; x_wconf 68' lang='lat' dir='ltr'><strong>Bistonium</strong></span> <span class='ocrx_word' id='word_1_153' title='bbox 415 3598 526 3654; x_wconf 68' lang='lat' dir='ltr'><strong>stagnum</strong></span> <span class='ocrx_word' id='word_1_154' title='bbox 537 3589 564 3638; x_wconf 90' lang='lat' dir='ltr'><strong>in</strong></span> <span class='ocrx_word' id='word_1_155' title='bbox 572 3589 684 3639; x_wconf 80' lang='lat' dir='ltr'><strong>Threcia.</strong></span> 
     </span>
    </p>

    <p class='ocr_par' dir='ltr' id='par_1_15' title="bbox 274 3663 777 4018">
     <span class='ocr_line' id='line_1_29' title="bbox 310 3663 776 3728; baseline 0.006 -18"><span class='ocrx_word' id='word_1_156' title='bbox 310 3663 364 3711; x_wconf 79' lang='lat' dir='ltr'><strong>lle.</strong></span> <span class='ocrx_word' id='word_1_157' title='bbox 381 3663 406 3710; x_wconf 73' lang='lat' dir='ltr'><strong>st</strong></span> <span class='ocrx_word' id='word_1_158' title='bbox 419 3674 520 3726; x_wconf 74' lang='lat' dir='ltr'><strong>superest</strong></span> <span class='ocrx_word' id='word_1_159' title='bbox 536 3665 620 3728; x_wconf 78' lang='lat' dir='ltr'><strong>aliquis</strong></span> <span class='ocrx_word' id='word_1_160' title='bbox 635 3664 733 3728; x_wconf 71' lang='lat' dir='ltr'><strong>unus]</strong></span> <span class='ocrx_word' id='word_1_161' title='bbox 750 3664 776 3713; x_wconf 83' lang='lat' dir='ltr'><strong>Si</strong></span> 
     </span>
     <span class='ocr_line' id='line_1_30' title="bbox 274 3736 776 3803; baseline 0.006 -20"><span class='ocrx_word' id='word_1_162' title='bbox 274 3745 383 3801; x_wconf 84' lang='lat' dir='ltr'><strong>superest</strong></span> <span class='ocrx_word' id='word_1_163' title='bbox 401 3736 482 3786; x_wconf 81' lang='lat' dir='ltr'><strong>enims</strong></span> <span class='ocrx_word' id='word_1_164' title='bbox 500 3747 555 3803; x_wconf 83' lang='lat' dir='ltr'><strong>post</strong></span> <span class='ocrx_word' id='word_1_165' title='bbox 574 3745 682 3786; x_wconf 86' lang='lat' dir='ltr'><strong>mertem.</strong></span> <span class='ocrx_word' id='word_1_166' title='bbox 714 3736 776 3786; x_wconf 83' lang='lat' dir='ltr'><strong>Ani-</strong></span> 
     </span>
     <span class='ocr_line' id='line_1_31' title="bbox 275 3811 776 3877; baseline 0.006 -19"><span class='ocrx_word' id='word_1_167' title='bbox 275 3823 339 3858; x_wconf 82' lang='lat' dir='ltr'><strong>mam</strong></span> <span class='ocrx_word' id='word_1_168' title='bbox 350 3818 431 3860; x_wconf 81' lang='lat' dir='ltr'><strong>eutem</strong></span> <span class='ocrx_word' id='word_1_169' title='bbox 441 3811 609 3876; x_wconf 70' lang='lat' dir='ltr'><strong>sempiternam</strong></span> <span class='ocrx_word' id='word_1_170' title='bbox 617 3827 678 3869; x_wconf 86' lang='lat' dir='ltr'><strong>esse,</strong></span> <span class='ocrx_word' id='word_1_171' title='bbox 685 3811 776 3877; x_wconf 86' lang='lat' dir='ltr'><strong>primus</strong></span> 
     </span>
     <span class='ocr_line' id='line_1_32' title="bbox 276 3882 777 3951; baseline 0.008 -20"><span class='ocrx_word' id='word_1_172' title='bbox 276 3882 380 3932; x_wconf 74' lang='lat' dir='ltr'><strong>mnium</strong></span> <span class='ocrx_word' id='word_1_173' title='bbox 401 3883 463 3933; x_wconf 84' lang='lat' dir='ltr'><strong>dixit</strong></span> <span class='ocrx_word' id='word_1_174' title='bbox 481 3885 632 3950; x_wconf 82' lang='lat' dir='ltr'><strong>Pherecydes</strong></span> <span class='ocrx_word' id='word_1_175' title='bbox 650 3887 731 3951; x_wconf 76' lang='lat' dir='ltr'><strong>Syrus,</strong></span> <span class='ocrx_word' id='word_1_176' title='bbox 749 3896 777 3935; x_wconf 88' lang='lat' dir='ltr'><strong>ut</strong></span> 
     </span>
     <span class='ocr_line' id='line_1_33' title="bbox 276 3957 767 4018; baseline 0.006 -13"><span class='ocrx_word' id='word_1_177' title='bbox 276 3964 313 4005; x_wconf 81' lang='lat' dir='ltr'><strong>est</strong></span> <span class='ocrx_word' id='word_1_178' title='bbox 321 3965 404 4005; x_wconf 80' lang='lat' dir='ltr'><strong>auctor</strong></span> <span class='ocrx_word' id='word_1_179' title='bbox 414 3957 467 4006; x_wconf 84' lang='lat' dir='ltr'><strong>Cic.</strong></span> <span class='ocrx_word' id='word_1_180' title='bbox 477 3957 503 4007; x_wconf 87' lang='lat' dir='ltr'><strong>in</strong></span> <span class='ocrx_word' id='word_1_181' title='bbox 512 3957 555 4006; x_wconf 92' lang='lat' dir='ltr'><strong>lib.</strong></span> <span class='ocrx_word' id='word_1_182' title='bbox 565 3957 582 4006; x_wconf 92' lang='lat' dir='ltr'><strong>i.</strong></span> <span class='ocrx_word' id='word_1_183' title='bbox 591 3958 664 4008; x_wconf 88' lang='lat' dir='ltr'><strong>Tusc.</strong></span> <span class='ocrx_word' id='word_1_184' title='bbox 674 3961 767 4018; x_wconf 75' lang='lat' dir='ltr'><strong>Quest.</strong></span> 
     </span>
    </p>

    <p class='ocr_par' dir='ltr' id='par_1_16' title="bbox 276 4031 777 4303">
     <span class='ocr_line' id='line_1_34' title="bbox 311 4031 775 4096; baseline 0.009 -18"><span class='ocrx_word' id='word_1_185' title='bbox 311 4031 368 4078; x_wconf 87' lang='grc'><strong>116.</strong></span> <span class='ocrx_word' id='word_1_186' title='bbox 381 4031 505 4080; x_wconf 74' lang='lat' dir='ltr'><strong>Movisseat</strong></span> <span class='ocrx_word' id='word_1_187' title='bbox 513 4035 533 4080; x_wconf 87' lang='lat' dir='ltr'><strong>si</strong></span> <span class='ocrx_word' id='word_1_188' title='bbox 542 4041 618 4081; x_wconf 77' lang='lat' dir='ltr'><strong>tantm</strong></span> <span class='ocrx_word' id='word_1_189' title='bbox 627 4042 681 4081; x_wconf 82' lang='lat' dir='ltr'><strong>ente</strong></span> <span class='ocrx_word' id='word_1_190' title='bbox 688 4032 775 4096; x_wconf 69' lang='lat' dir='ltr'><strong>tcum]</strong></span> 
     </span>
     <span class='ocr_line' id='line_1_35' title="bbox 276 4103 776 4162; baseline 0.008 -11"><span class='ocrx_word' id='word_1_191' title='bbox 276 4103 301 4152; x_wconf 80' lang='lat' dir='ltr'><strong>Si</strong></span> <span class='ocrx_word' id='word_1_192' title='bbox 311 4112 401 4162; x_wconf 69' lang='lat' dir='ltr'><strong>umen,</strong></span> <span class='ocrx_word' id='word_1_193' title='bbox 409 4121 425 4154; x_wconf 92' lang='lat' dir='ltr'><strong>o</strong></span> <span class='ocrx_word' id='word_1_194' title='bbox 434 4105 550 4162; x_wconf 79' lang='lat' dir='ltr'><strong>Maxime,</strong></span> <span class='ocrx_word' id='word_1_195' title='bbox 561 4121 592 4154; x_wconf 78' lang='lat' dir='ltr'><strong>es</strong></span> <span class='ocrx_word' id='word_1_196' title='bbox 601 4106 725 4155; x_wconf 78' lang='lat' dir='ltr'><strong>flexissent</strong></span> <span class='ocrx_word' id='word_1_197' title='bbox 735 4122 776 4155; x_wconf 87' lang='lat' dir='ltr'><strong>en-</strong></span> 
     </span>
     <span class='ocr_line' id='line_1_36' title="bbox 276 4181 777 4242; baseline 0.004 -16"><span class='ocrx_word' id='word_1_198' title='bbox 276 4184 316 4226; x_wconf 84' lang='lat' dir='ltr'><strong>tee</strong></span> <span class='ocrx_word' id='word_1_199' title='bbox 339 4187 443 4228; x_wconf 71' lang='lat' dir='ltr'><strong>meumm</strong></span> <span class='ocrx_word' id='word_1_200' title='bbox 467 4189 533 4230; x_wconf 83' lang='lat' dir='ltr'><strong>tuam</strong></span> <span class='ocrx_word' id='word_1_201' title='bbox 546 4198 553 4242; x_wconf 89' lang='lat'>;</span> <span class='ocrx_word' id='word_1_202' title='bbox 581 4181 704 4238; x_wconf 81' lang='lat' dir='ltr'><strong>Horatius,</strong></span> <span class='ocrx_word' id='word_1_203' title='bbox 728 4197 777 4230; x_wconf 82' lang='lat' dir='ltr'><strong>ver.</strong></span> 
     </span>
     <span class='ocr_line' id='line_1_37' title="bbox 278 4251 475 4303; baseline 0.02 -4"><span class='ocrx_word' id='word_1_204' title='bbox 278 4253 333 4301; x_wconf 76' lang='lat'>102.</span> <span class='ocrx_word' id='word_1_205' title='bbox 341 4251 395 4301; x_wconf 77' lang='lat' dir='ltr'><strong>Art.</strong></span> <span class='ocrx_word' id='word_1_206' title='bbox 405 4255 475 4303; x_wconf 84' lang='lat' dir='ltr'><strong>Poet.</strong></span> 
     </span>
    </p>

    <p class='ocr_par' dir='ltr' id='par_1_17' title="bbox 343 4328 736 4465">
     <span class='ocr_line' id='line_1_38' title="bbox 374 4328 736 4392; baseline 0 -16"><span class='ocrx_word' id='word_1_207' title='bbox 374 4328 400 4376; x_wconf 80' lang='lat' dir='ltr'><strong>Si</strong></span> <span class='ocrx_word' id='word_1_208' title='bbox 409 4330 444 4376; x_wconf 81' lang='lat' dir='ltr'><strong>eis</strong></span> <span class='ocrx_word' id='word_1_209' title='bbox 453 4329 560 4392; x_wconf 73' lang='lat' dir='ltr'><strong>maflare,</strong></span> <span class='ocrx_word' id='word_1_210' title='bbox 571 4329 693 4377; x_wconf 68' lang='lat' dir='ltr'><strong>dolendum</strong></span> <span class='ocrx_word' id='word_1_211' title='bbox 703 4337 736 4376; x_wconf 76' lang='lat' dir='ltr'><strong>est</strong></span> 
     </span>
     <span class='ocr_line' id='line_1_39' title="bbox 343 4401 562 4465; baseline 0.023 -18"><span class='ocrx_word' id='word_1_212' title='bbox 343 4401 447 4450; x_wconf 63' lang='lat' dir='ltr'><strong>Primum</strong></span> <span class='ocrx_word' id='word_1_213' title='bbox 457 4407 502 4465; x_wconf 79' lang='lat' dir='ltr'><strong>ipre</strong></span> <span class='ocrx_word' id='word_1_214' title='bbox 512 4404 562 4452; x_wconf 80' lang='lat' dir='ltr'><strong>tibi.</strong></span> 
     </span>
    </p>

    <p class='ocr_par' dir='ltr' id='par_1_18' title="bbox 273 4473 777 4689">
     <span class='ocr_line' id='line_1_40' title="bbox 313 4473 776 4540; baseline 0.006 -20"><span class='ocrx_word' id='word_1_215' title='bbox 313 4473 366 4521; x_wconf 83' lang='lat'>121.</span> <span class='ocrx_word' id='word_1_216' title='bbox 378 4473 551 4538; x_wconf 59' lang='lat' dir='ltr'><strong>standon]</strong></span> <span class='ocrx_word' id='word_1_217' title='bbox 566 4476 605 4524; x_wconf 87' lang='lat' dir='ltr'><strong>Sic</strong></span> <span class='ocrx_word' id='word_1_218' title='bbox 616 4491 711 4540; x_wconf 81' lang='lat' dir='ltr'><strong>quoque</strong></span> <span class='ocrx_word' id='word_1_219' title='bbox 721 4473 776 4524; x_wconf 87' lang='lat' dir='ltr'><strong>ced.</strong></span> 
     </span>
     <span class='ocr_line' id='line_1_41' title="bbox 276 4545 775 4607; baseline 0.006 -12"><span class='ocrx_word' id='word_1_220' title='bbox 276 4545 367 4597; x_wconf 76' lang='lat' dir='ltr'><strong>Beier.</strong></span> <span class='ocrx_word' id='word_1_221' title='bbox 381 4547 436 4598; x_wconf 83' lang='lat' dir='ltr'><strong>eliis</strong></span> <span class='ocrx_word' id='word_1_222' title='bbox 448 4550 618 4607; x_wconf 68' lang='lat' dir='ltr'><strong>memsam</strong></span> <span class='ocrx_word' id='word_1_223' title='bbox 634 4548 722 4598; x_wconf 86' lang='lat' dir='ltr'><strong>dicitur</strong></span> <span class='ocrx_word' id='word_1_224' title='bbox 737 4549 775 4598; x_wconf 82' lang='lat' dir='ltr'><strong>su·</strong></span> 
     </span>
     <span class='ocr_line' id='line_1_42' title="bbox 273 4621 777 4689; baseline 0.002 -18"><span class='ocrx_word' id='word_1_225' title='bbox 273 4621 321 4671; x_wconf 81' lang='lat' dir='ltr'><strong>isse</strong></span> <span class='ocrx_word' id='word_1_226' title='bbox 334 4637 377 4672; x_wconf 79' lang='lat' dir='ltr'><strong>res</strong></span> <span class='ocrx_word' id='word_1_227' title='bbox 390 4623 504 4689; x_wconf 72' lang='lat' dir='ltr'><strong>Scythice,</strong></span> <span class='ocrx_word' id='word_1_228' title='bbox 518 4625 569 4689; x_wconf 76' lang='lat' dir='ltr'><strong>qni,</strong></span> <span class='ocrx_word' id='word_1_229' title='bbox 580 4639 664 4689; x_wconf 77' lang='lat' dir='ltr'><strong>nepes</strong></span> <span class='ocrx_word' id='word_1_230' title='bbox 677 4621 777 4672; x_wconf 77' lang='lat' dir='ltr'><strong>insidias</strong></span> 
     </span>
    </p>
   </div>
   <div class='ocr_carea' id='block_1_5' title="bbox 824 2921 1348 4688">
    <p class='ocr_par' dir='ltr' id='par_1_19' title="bbox 824 2921 1326 3194">
     <span class='ocr_line' id='line_1_43' title="bbox 824 2921 1326 2988; baseline -0.002 -15"><span class='ocrx_word' id='word_1_231' title='bbox 824 2923 982 2982; x_wconf 82' lang='lat' dir='ltr'><strong>occideretur,</strong></span> <span class='ocrx_word' id='word_1_232' title='bbox 993 2923 1074 2972; x_wconf 86' lang='lat' dir='ltr'><strong>leones</strong></span> <span class='ocrx_word' id='word_1_233' title='bbox 1083 2921 1202 2980; x_wconf 81' lang='lat' dir='ltr'><strong>hebuerit,</strong></span> <span class='ocrx_word' id='word_1_234' title='bbox 1213 2939 1273 2988; x_wconf 84' lang='lat' dir='ltr'><strong>quos</strong></span> <span class='ocrx_word' id='word_1_235' title='bbox 1283 2921 1326 2972; x_wconf 84' lang='lat' dir='ltr'><strong>bu·</strong></span> 
     </span>
     <span class='ocr_line' id='line_1_44' title="bbox 824 2987 1326 3062; baseline 0.002 -18"><span class='ocrx_word' id='word_1_236' title='bbox 824 2987 902 3045; x_wconf 76' lang='lat' dir='ltr'><strong>manis</strong></span> <span class='ocrx_word' id='word_1_237' title='bbox 915 2994 1053 3062; x_wconf 89' lang='lat' dir='ltr'><strong>corporibus</strong></span> <span class='ocrx_word' id='word_1_238' title='bbox 1067 3005 1091 3046; x_wconf 87' lang='lat' dir='ltr'><strong>et</strong></span> <span class='ocrx_word' id='word_1_239' title='bbox 1107 2995 1222 3061; x_wconf 81' lang='lat' dir='ltr'><strong>sanguine</strong></span> <span class='ocrx_word' id='word_1_240' title='bbox 1233 2995 1326 3054; x_wconf 79' lang='lat' dir='ltr'><strong>eluerit,</strong></span> 
     </span>
     <span class='ocr_line' id='line_1_45' title="bbox 824 3069 1326 3136; baseline 0 -17"><span class='ocrx_word' id='word_1_241' title='bbox 824 3087 873 3136; x_wconf 93' lang='lat' dir='ltr'><strong>quo</strong></span> <span class='ocrx_word' id='word_1_242' title='bbox 889 3069 967 3136; x_wconf 83' lang='lat' dir='ltr'><strong>magis</strong></span> <span class='ocrx_word' id='word_1_243' title='bbox 983 3070 1101 3120; x_wconf 68' lang='lat' dir='ltr'><strong>sedans.</strong></span> <span class='ocrx_word' id='word_1_244' title='bbox 1122 3069 1196 3120; x_wconf 86' lang='lat' dir='ltr'><strong>Ovid.</strong></span> <span class='ocrx_word' id='word_1_245' title='bbox 1211 3070 1237 3118; x_wconf 87' lang='lat' dir='ltr'><strong>in</strong></span> <span class='ocrx_word' id='word_1_246' title='bbox 1255 3069 1326 3120; x_wconf 82' lang='lat' dir='ltr'><strong>Ibide</strong></span> 
     </span>
     <span class='ocr_line' id='line_1_46' title="bbox 825 3144 1066 3194; baseline 0.004 -2"><span class='ocrx_word' id='word_1_247' title='bbox 825 3146 920 3194; x_wconf 58' lang='lat' dir='ltr'><strong>veta.</strong></span> <span class='ocrx_word' id='word_1_248' title='bbox 953 3144 1066 3194; x_wconf 68' lang='lat' dir='ltr'><strong>Habeas.</strong></span> 
     </span>
    </p>

    <p class='ocr_par' dir='ltr' id='par_1_20' title="bbox 824 3217 1326 3488">
     <span class='ocr_line' id='line_1_47' title="bbox 864 3217 1326 3284; baseline 0.004 -18"><span class='ocrx_word' id='word_1_249' title='bbox 864 3218 999 3281; x_wconf 77' lang='lat' dir='ltr'><strong>crudusque</strong></span> <span class='ocrx_word' id='word_1_250' title='bbox 1020 3220 1142 3284; x_wconf 80' lang='lat' dir='ltr'><strong>rogabitur</strong></span> <span class='ocrx_word' id='word_1_251' title='bbox 1159 3217 1267 3282; x_wconf 72' lang='lat' dir='ltr'><strong>Atreum]</strong></span> <span class='ocrx_word' id='word_1_252' title='bbox 1294 3219 1326 3268; x_wconf 89' lang='lat' dir='ltr'><strong>Et</strong></span> 
     </span>
     <span class='ocr_line' id='line_1_48' title="bbox 825 3292 1326 3358; baseline -0.002 -17"><span class='ocrx_word' id='word_1_253' title='bbox 825 3307 873 3341; x_wconf 88' lang='lat' dir='ltr'><strong>uon</strong></span> <span class='ocrx_word' id='word_1_254' title='bbox 886 3292 980 3357; x_wconf 79' lang='lat' dir='ltr'><strong>rogabis</strong></span> <span class='ocrx_word' id='word_1_255' title='bbox 997 3309 1039 3358; x_wconf 89' lang='lat' dir='ltr'><strong>pro</strong></span> <span class='ocrx_word' id='word_1_256' title='bbox 1054 3309 1093 3342; x_wconf 91' lang='lat' dir='ltr'><strong>me</strong></span> <span class='ocrx_word' id='word_1_257' title='bbox 1108 3292 1227 3342; x_wconf 88' lang='lat' dir='ltr'><strong>crudelem</strong></span> <span class='ocrx_word' id='word_1_258' title='bbox 1243 3307 1326 3357; x_wconf 87' lang='lat' dir='ltr'><strong>quem·</strong></span> 
     </span>
     <span class='ocr_line' id='line_1_49' title="bbox 824 3365 1326 3428; baseline 0 -12"><span class='ocrx_word' id='word_1_259' title='bbox 824 3365 889 3425; x_wconf 75' lang='lat' dir='ltr'><strong>dm,</strong></span> <span class='ocrx_word' id='word_1_260' title='bbox 914 3375 941 3415; x_wconf 94' lang='lat' dir='ltr'><strong>ut</strong></span> <span class='ocrx_word' id='word_1_261' title='bbox 966 3367 1012 3416; x_wconf 82' lang='lat' dir='ltr'><strong>fuit</strong></span> <span class='ocrx_word' id='word_1_262' title='bbox 1032 3368 1139 3428; x_wconf 83' lang='lat' dir='ltr'><strong>Atreus3</strong></span> <span class='ocrx_word' id='word_1_263' title='bbox 1166 3367 1251 3416; x_wconf 80' lang='lat' dir='ltr'><strong>Horat.</strong></span> <span class='ocrx_word' id='word_1_264' title='bbox 1272 3365 1326 3416; x_wconf 83' lang='lat' dir='ltr'><strong>Art.</strong></span> 
     </span>
     <span class='ocr_line' id='line_1_50' title="bbox 826 3439 1027 3488; baseline 0 0"><span class='ocrx_word' id='word_1_265' title='bbox 826 3439 895 3488; x_wconf 87' lang='lat' dir='ltr'><strong>Poet.</strong></span> <span class='ocrx_word' id='word_1_266' title='bbox 905 3454 955 3488; x_wconf 85' lang='lat' dir='ltr'><strong>ver.</strong></span> <span class='ocrx_word' id='word_1_267' title='bbox 966 3440 1027 3488; x_wconf 84' lang='grc' dir='ltr'><strong>10οι</strong></span> 
     </span>
    </p>

    <p class='ocr_par' dir='ltr' id='par_1_21' title="bbox 858 3514 1324 3578">
     <span class='ocr_line' id='line_1_51' title="bbox 858 3514 1324 3578; baseline 0.002 -17"><span class='ocrx_word' id='word_1_268' title='bbox 858 3515 909 3562; x_wconf 81' lang='lat' dir='ltr'><strong>Aut</strong></span> <span class='ocrx_word' id='word_1_269' title='bbox 919 3514 1020 3562; x_wconf 81' lang='lat' dir='ltr'><strong>bumana</strong></span> <span class='ocrx_word' id='word_1_270' title='bbox 1034 3515 1113 3576; x_wconf 78' lang='lat' dir='ltr'><strong>pulum</strong></span> <span class='ocrx_word' id='word_1_271' title='bbox 1128 3524 1207 3578; x_wconf 77' lang='lat' dir='ltr'><strong>coquet</strong></span> <span class='ocrx_word' id='word_1_272' title='bbox 1221 3523 1274 3562; x_wconf 77' lang='lat' dir='ltr'><strong>estc</strong></span> <span class='ocrx_word' id='word_1_273' title='bbox 1285 3529 1324 3562; x_wconf 76' lang='lat' dir='ltr'><strong>ne·</strong></span> 
     </span>
    </p>

    <p class='ocr_par' dir='ltr' id='par_1_22' title="bbox 883 3586 1069 3651">
     <span class='ocr_line' id='line_1_52' title="bbox 883 3586 1069 3651; baseline 0.011 -17"><span class='ocrx_word' id='word_1_274' title='bbox 883 3586 967 3651; x_wconf 81' lang='lat' dir='ltr'><strong>scrius</strong></span> <span class='ocrx_word' id='word_1_275' title='bbox 978 3588 1069 3636; x_wconf 74' lang='lat' dir='ltr'><strong>Acrem.</strong></span> 
     </span>
    </p>

    <p class='ocr_par' dir='ltr' id='par_1_23' title="bbox 824 3659 1348 4688">
     <span class='ocr_line' id='line_1_53' title="bbox 860 3659 1326 3718; baseline 0.004 -10"><span class='ocrx_word' id='word_1_276' title='bbox 860 3661 915 3710; x_wconf 81' lang='lat'><strong>122.</strong></span> <span class='ocrx_word' id='word_1_277' title='bbox 933 3659 1071 3718; x_wconf 86' lang='lat' dir='ltr'><strong>Diomedes,</strong></span> <span class='ocrx_word' id='word_1_278' title='bbox 1082 3660 1207 3710; x_wconf 78' lang='lat' dir='ltr'><strong>Bistonum</strong></span> <span class='ocrx_word' id='word_1_279' title='bbox 1216 3659 1241 3710; x_wconf 88' lang='lat' dir='ltr'><strong>iu</strong></span> <span class='ocrx_word' id='word_1_280' title='bbox 1251 3661 1326 3710; x_wconf 84' lang='lat' dir='ltr'><strong>Thm-</strong></span> 
     </span>
     <span class='ocr_line' id='line_1_54' title="bbox 824 3732 1326 3801; baseline 0.004 -18"><span class='ocrx_word' id='word_1_281' title='bbox 824 3732 864 3784; x_wconf 81' lang='lat' dir='ltr'><strong>eie</strong></span> <span class='ocrx_word' id='word_1_282' title='bbox 883 3749 933 3791; x_wconf 83' lang='lat' dir='ltr'><strong>rex,</strong></span> <span class='ocrx_word' id='word_1_283' title='bbox 953 3733 977 3782; x_wconf 89' lang='lat' dir='ltr'><strong>in</strong></span> <span class='ocrx_word' id='word_1_284' title='bbox 1002 3733 1089 3801; x_wconf 91' lang='lat' dir='ltr'><strong>oppido</strong></span> <span class='ocrx_word' id='word_1_285' title='bbox 1112 3733 1191 3782; x_wconf 84' lang='lat' dir='ltr'><strong>Tinde</strong></span> <span class='ocrx_word' id='word_1_286' title='bbox 1214 3734 1326 3785; x_wconf 83' lang='lat' dir='ltr'><strong>babuisse</strong></span> 
     </span>
     <span class='ocr_line' id='line_1_55' title="bbox 824 3807 1327 3873; baseline 0.004 -15"><span class='ocrx_word' id='word_1_287' title='bbox 824 3823 899 3873; x_wconf 84' lang='lat' dir='ltr'><strong>eques</strong></span> <span class='ocrx_word' id='word_1_288' title='bbox 917 3807 1012 3866; x_wconf 87' lang='lat' dir='ltr'><strong>dicitur,</strong></span> <span class='ocrx_word' id='word_1_289' title='bbox 1025 3825 1079 3872; x_wconf 78' lang='lat' dir='ltr'><strong>quse</strong></span> <span class='ocrx_word' id='word_1_290' title='bbox 1098 3825 1174 3858; x_wconf 81' lang='lat' dir='ltr'><strong>aenea</strong></span> <span class='ocrx_word' id='word_1_291' title='bbox 1192 3809 1327 3860; x_wconf 86' lang='lat' dir='ltr'><strong>habueruut</strong></span> 
     </span>
     <span class='ocr_line' id='line_1_56' title="bbox 826 3879 1348 3949; baseline 0.002 -17"><span class='ocrx_word' id='word_1_292' title='bbox 826 3883 950 3949; x_wconf 79' lang='lat' dir='ltr'><strong>presepia,</strong></span> <span class='ocrx_word' id='word_1_293' title='bbox 962 3882 1042 3932; x_wconf 85' lang='lat' dir='ltr'><strong>ferreis</strong></span> <span class='ocrx_word' id='word_1_294' title='bbox 1056 3881 1147 3932; x_wconf 80' lang='lat' dir='ltr'><strong>cetenis</strong></span> <span class='ocrx_word' id='word_1_295' title='bbox 1160 3893 1254 3949; x_wconf 87' lang='lat' dir='ltr'><strong>propter</strong></span> <span class='ocrx_word' id='word_1_296' title='bbox 1267 3883 1326 3933; x_wconf 83' lang='lat' dir='ltr'><strong>fem-</strong></span> <span class='ocrx_word' id='word_1_297' title='bbox 1343 3879 1348 3888; x_wconf 81' lang='lat'><em>&#39;</em></span> 
     </span>
     <span class='ocr_line' id='line_1_57' title="bbox 826 3955 1325 4021; baseline 0.008 -17"><span class='ocrx_word' id='word_1_298' title='bbox 826 3955 889 4004; x_wconf 85' lang='lat' dir='ltr'><strong>ciam</strong></span> <span class='ocrx_word' id='word_1_299' title='bbox 902 3965 927 4006; x_wconf 93' lang='lat' dir='ltr'><strong>et</strong></span> <span class='ocrx_word' id='word_1_300' title='bbox 938 3957 1008 4006; x_wconf 93' lang='lat' dir='ltr'><strong>robur</strong></span> <span class='ocrx_word' id='word_1_301' title='bbox 1022 3955 1196 4021; x_wconf 73' lang='lat' dir='ltr'><strong>affligebantur,</strong></span> <span class='ocrx_word' id='word_1_302' title='bbox 1212 3967 1237 4006; x_wconf 89' lang='lat' dir='ltr'><strong>et</strong></span> <span class='ocrx_word' id='word_1_303' title='bbox 1251 3956 1325 4008; x_wconf 78' lang='lat' dir='ltr'><strong>edve-</strong></span> 
     </span>
     <span class='ocr_line' id='line_1_58' title="bbox 826 4031 1327 4096; baseline 0.002 -16"><span class='ocrx_word' id='word_1_304' title='bbox 826 4045 909 4080; x_wconf 85' lang='lat' dir='ltr'><strong>uerum</strong></span> <span class='ocrx_word' id='word_1_305' title='bbox 920 4031 1057 4096; x_wconf 89' lang='lat' dir='ltr'><strong>corporibus</strong></span> <span class='ocrx_word' id='word_1_306' title='bbox 1070 4031 1212 4080; x_wconf 79' lang='lat' dir='ltr'><strong>frustulatim</strong></span> <span class='ocrx_word' id='word_1_307' title='bbox 1225 4032 1327 4081; x_wconf 86' lang='lat' dir='ltr'><strong>concisis</strong></span> 
     </span>
     <span class='ocr_line' id='line_1_59' title="bbox 826 4105 1326 4172; baseline 0.006 -20"><span class='ocrx_word' id='word_1_308' title='bbox 826 4105 992 4170; x_wconf 77' lang='lat' dir='ltr'><strong>pascebantur.</strong></span> <span class='ocrx_word' id='word_1_309' title='bbox 1025 4105 1070 4153; x_wconf 80' lang='lat' dir='ltr'><strong>llis</strong></span> <span class='ocrx_word' id='word_1_310' title='bbox 1088 4114 1114 4154; x_wconf 94' lang='lat' dir='ltr'><strong>ut</strong></span> <span class='ocrx_word' id='word_1_311' title='bbox 1132 4105 1245 4172; x_wconf 85' lang='lat' dir='ltr'><strong>potiretur</strong></span> <span class='ocrx_word' id='word_1_312' title='bbox 1265 4107 1326 4156; x_wconf 87' lang='lat' dir='ltr'><strong>Her·</strong></span> 
     </span>
     <span class='ocr_line' id='line_1_60' title="bbox 826 4177 1327 4243; baseline 0.004 -17"><span class='ocrx_word' id='word_1_313' title='bbox 826 4177 901 4234; x_wconf 83' lang='lat' dir='ltr'><strong>cules,</strong></span> <span class='ocrx_word' id='word_1_314' title='bbox 924 4177 949 4226; x_wconf 91' lang='lat' dir='ltr'><strong>id</strong></span> <span class='ocrx_word' id='word_1_315' title='bbox 970 4178 1033 4243; x_wconf 93' lang='lat' dir='ltr'><strong>quod</strong></span> <span class='ocrx_word' id='word_1_316' title='bbox 1052 4178 1155 4243; x_wconf 83' lang='lat' dir='ltr'><strong>jusserat</strong></span> <span class='ocrx_word' id='word_1_317' title='bbox 1173 4178 1327 4242; x_wconf 83' lang='lat' dir='ltr'><strong>Eurystheus,</strong></span> 
     </span>
     <span class='ocr_line' id='line_1_61' title="bbox 826 4250 1327 4318; baseline 0.004 -18"><span class='ocrx_word' id='word_1_318' title='bbox 826 4252 946 4318; x_wconf 87' lang='lat' dir='ltr'><strong>pmprium</strong></span> <span class='ocrx_word' id='word_1_319' title='bbox 972 4251 1002 4301; x_wconf 89' lang='lat' dir='ltr'><strong>iis</strong></span> <span class='ocrx_word' id='word_1_320' title='bbox 1027 4250 1159 4308; x_wconf 87' lang='lat' dir='ltr'><strong>dominum,</strong></span> <span class='ocrx_word' id='word_1_321' title='bbox 1184 4252 1327 4302; x_wconf 83' lang='lat' dir='ltr'><strong>Diomedem</strong></span> 
     </span>
     <span class='ocr_line' id='line_1_62' title="bbox 826 4325 1327 4389; baseline 0.004 -15"><span class='ocrx_word' id='word_1_322' title='bbox 826 4326 921 4389; x_wconf 85' lang='lat' dir='ltr'><strong>objecit,</strong></span> <span class='ocrx_word' id='word_1_323' title='bbox 941 4335 966 4376; x_wconf 91' lang='lat' dir='ltr'><strong>et</strong></span> <span class='ocrx_word' id='word_1_324' title='bbox 988 4326 1049 4376; x_wconf 82' lang='lat' dir='ltr'><strong>larue</strong></span> <span class='ocrx_word' id='word_1_325' title='bbox 1070 4325 1199 4375; x_wconf 77' lang='lat' dir='ltr'><strong>bestiarum</strong></span> <span class='ocrx_word' id='word_1_326' title='bbox 1217 4325 1327 4376; x_wconf 82' lang='lat' dir='ltr'><strong>carnibus</strong></span> 
     </span>
     <span class='ocr_line' id='line_1_63' title="bbox 826 4399 1327 4466; baseline 0.004 -18"><span class='ocrx_word' id='word_1_327' title='bbox 826 4399 879 4457; x_wconf 82' lang='lat' dir='ltr'><strong>viri,</strong></span> <span class='ocrx_word' id='word_1_328' title='bbox 895 4400 937 4466; x_wconf 91' lang='lat' dir='ltr'><strong>qui</strong></span> <span class='ocrx_word' id='word_1_329' title='bbox 956 4400 1073 4450; x_wconf 80' lang='lat' dir='ltr'><strong>nefarium</strong></span> <span class='ocrx_word' id='word_1_330' title='bbox 1092 4400 1254 4458; x_wconf 60' lang='lat' dir='ltr'><strong>ceruicesum</strong></span> <span class='ocrx_word' id='word_1_331' title='bbox 1273 4399 1327 4450; x_wconf 80' lang='lat' dir='ltr'><strong>illes</strong></span> 
     </span>
     <span class='ocr_line' id='line_1_64' title="bbox 825 4471 1326 4539; baseline 0.004 -18"><span class='ocrx_word' id='word_1_332' title='bbox 825 4471 948 4531; x_wconf 81' lang='lat' dir='ltr'><strong>docuerat,</strong></span> <span class='ocrx_word' id='word_1_333' title='bbox 960 4474 1063 4539; x_wconf 84' lang='lat' dir='ltr'><strong>explete,</strong></span> <span class='ocrx_word' id='word_1_334' title='bbox 1071 4473 1230 4538; x_wconf 82' lang='lat' dir='ltr'><strong>obsequentes</strong></span> <span class='ocrx_word' id='word_1_335' title='bbox 1239 4471 1326 4523; x_wconf 86' lang='lat' dir='ltr'><strong>deinde</strong></span> 
     </span>
     <span class='ocr_line' id='line_1_65' title="bbox 826 4545 1327 4611; baseline 0.002 -15"><span class='ocrx_word' id='word_1_336' title='bbox 826 4545 919 4597; x_wconf 82' lang='lat' dir='ltr'><strong>hebuit.</strong></span> <span class='ocrx_word' id='word_1_337' title='bbox 951 4547 1084 4598; x_wconf 82' lang='lat' dir='ltr'><strong>Perductus</strong></span> <span class='ocrx_word' id='word_1_338' title='bbox 1098 4547 1128 4596; x_wconf 85' lang='lat' dir='ltr'><strong>ed</strong></span> <span class='ocrx_word' id='word_1_339' title='bbox 1144 4562 1169 4596; x_wconf 87' lang='lat' dir='ltr'><strong>se</strong></span> <span class='ocrx_word' id='word_1_340' title='bbox 1180 4547 1327 4611; x_wconf 79' lang='lat' dir='ltr'><strong>Eurystheus</strong></span> 
     </span>
     <span class='ocr_line' id='line_1_66' title="bbox 826 4620 1326 4688; baseline 0.006 -17"><span class='ocrx_word' id='word_1_341' title='bbox 826 4622 915 4671; x_wconf 79' lang='lat' dir='ltr'><strong>lenoni</strong></span> <span class='ocrx_word' id='word_1_342' title='bbox 932 4620 1062 4680; x_wconf 81' lang='lat' dir='ltr'><strong>dedicerit,</strong></span> <span class='ocrx_word' id='word_1_343' title='bbox 1081 4628 1106 4671; x_wconf 87' lang='lat' dir='ltr'><strong>et</strong></span> <span class='ocrx_word' id='word_1_344' title='bbox 1121 4620 1231 4688; x_wconf 71' lang='lat' dir='ltr'><strong>prosapie</strong></span> <span class='ocrx_word' id='word_1_345' title='bbox 1243 4621 1326 4674; x_wconf 79' lang='lat' dir='ltr'><strong>herum</strong></span> 
     </span>
    </p>
   </div>
   <div class='ocr_carea' id='block_1_6' title="bbox 0 0 1819 5967">
    <p class='ocr_par' dir='ltr' id='par_1_24' title="bbox 0 0 1819 5967">
     <span class='ocr_line' id='line_1_67' title="bbox 0 0 1819 5967; baseline 0 0"><span class='ocrx_word' id='word_1_346' title='bbox 0 0 1819 5967; x_wconf 95' lang='lat' dir='ltr'><strong> </strong></span> 
     </span>
    </p>
   </div>
  </div>
 </body>
</html>
