3609 5967
458 782 693 851 rarsrruu
715 783 806 850 mn.
830 783 879 849 11.
904 784 976 850 ar.
999 784 1167 852 nurci.
1275 736 1358 853 arai

288 954 398 1033 Talia
414 957 549 1032 fumosi
567 958 747 1031 luduntur
763 980 894 1031 mense
912 957 1137 1045 decembris,

342 1071 437 1157 Quae
454 1074 591 1147 damno
609 1072 699 1147 nulli
716 1073 977 1172 composuisse
994 1072 1077 1148 fuit.

293 1188 366 1263 Hic
384 1214 455 1286 ego
472 1190 657 1287 deceptus
675 1213 750 1263 non
767 1189 890 1263 tristia
906 1188 1074 1263 carmina
1089 1187 1188 1278 feci3

343 1305 421 1378 Sed
438 1304 556 1393 tristis
573 1314 722 1378 nostros
741 1327 854 1402 poena
870 1315 1003 1378 secuta
1014 1305 1136 1401 jocos.

292 1418 468 1518 Denique
486 1444 557 1494 uec
574 1420 685 1494 video
703 1420 752 1493 de
769 1428 826 1493 tot
843 1418 1097 1493 scribentibus
1115 1445 1245 1505 unum,
1265 1423 1340 1499 495

341 1534 467 1620 Quem
485 1558 554 1608 sua
571 1534 779 1632 perdiderit
796 1532 936 1608 Musa:
965 1544 1135 1631 repertus
1152 1559 1237 1632 ego.

291 1651 409 1739 Quid,
429 1652 462 1725 si
480 1651 717 1750 scripsissem
734 1651 881 1737 mimos,
901 1652 1081 1726 obscoena
1092 1653 1278 1749 jocantes,
1332 1722 1336 1731 ,

346 1766 421 1851 Qui
440 1791 590 1865 semper
606 1767 683 1841 ficti
701 1766 843 1844 crimen
862 1767 999 1841 amoris
1017 1767 1183 1842 habenti

295 1880 342 1954 ln
359 1882 498 1979 quibus
516 1881 674 1957 adsidue
690 1882 815 1956 cultus
832 1882 1004 1980 procedit
1021 1883 1182 1970 adulter,

343 1996 546 2096 Verbaque
562 1998 629 2072 dat
646 1998 764 2072 stulto
782 1997 921 2071 callida
940 2008 1059 2096 nupta
1075 1998 1165 2071 viro.
1270 2002 1345 2072 500

294 2110 444 2186 Nubilis
462 2113 532 2187 bos
548 2113 665 2211 virgo,
684 2123 946 2212 matronaque,
964 2114 1110 2214 virque,
1130 2139 1301 2213 puerque

345 2227 515 2327 Spectat,
534 2240 575 2304 et
592 2255 614 2304 e
630 2253 769 2326 magna
786 2241 894 2329 parte
912 2240 1065 2304 senatus
1080 2231 1201 2304 adest.

295 2341 332 2415 N
334 2367 377 2417 ec
394 2346 489 2418 satis
506 2346 660 2419 incestis
677 2346 855 2420 temerari
871 2345 1027 2419 vocibus
1044 2369 1175 2435 aures;

345 2458 589 2535 Adsuescunt
605 2461 705 2535 oculi
722 2462 844 2535 multa
859 2461 1040 2559 pudenda
1055 2462 1146 2559 pati.

295 2573 502 2670 Quumque
520 2574 654 2668 fefellit
670 2599 801 2651 amans
820 2575 949 2673 aliqua
966 2576 1133 2651 novitate
1150 2576 1340 2665 maritum,

348 2688 560 2776 Plauditur,
579 2700 618 2764 et
635 2713 772 2786 magno
789 2691 918 2789 palma
933 2690 1058 2766 favore
1075 2692 1200 2766 datur.
1275 2697 1349 2789 506

297 2804 462 2903 Quoque
479 2805 603 2879 minus
617 2806 786 2904 prodest,
805 2830 922 2880 scena
938 2817 997 2880 est
1014 2807 1164 2881 lucrosa
1180 2817 1315 2905 poetae,

346 2918 548 3018 Tantaque
565 2945 640 2994 non
658 2944 773 3019 parvo
790 2921 948 2995 crimina
965 2926 1102 3020 prator
1119 2922 1223 2995 emit.

297 3034 452 3135 Inspice
469 3036 645 3110 ludorum
662 3046 822 3124 sumtus,
842 3037 1030 3135 Auguste,
1046 3047 1217 3112 tuorum:

348 3152 464 3228 Emta
480 3153 549 3227 tibi
563 3177 701 3251 magno
718 3154 809 3228 talia
826 3155 947 3228 multa
963 3154 1081 3251 leges.
1264 3157 1350 3228 Ι510

296 3267 391 3343 Haec
408 3281 451 3344 tu
469 3270 665 3369 spectasti,
685 3270 972 3370 spectandaque
990 3293 1093 3369 saepe
1109 3269 1271 3358 dedisti3

347 3384 533 3484 Majestas
550 3386 646 3461 adeo
664 3387 783 3463 comis
800 3389 945 3485 ubique
961 3396 1124 3462 tuaest:

300 3501 598 3600 Luminibusque
617 3505 707 3591 tuis,
726 3514 830 3579 totus
850 3504 991 3603 quibus
1009 3502 1148 3576 utimur
1164 3502 1279 3592 orbis,

349 3618 512 3695 Sceniea
527 3619 656 3696 vidisti
673 3622 801 3696 lentus
819 3618 1016 3694 adulteria.

331 3855 387 3903 491.
409 3854 478 3904 Talia
495 3857 633 3920 ἰώπων]
657 3855 727 3905 Talia
743 3872 801 3905 rasa
850 3854 945 3904 fabulas
964 3855 1084 3911 emebant,
1103 3869 1164 3919 quas
1181 3853 1290 3903 ludorum
1311 3854 1351 3904 die

298 3926 449 3978 celebrantur
458 3929 567 3995 apoetis,
576 3930 749 3989 Saturnalibus,
758 3931 800 3980 de·
850 3929 944 3979 recitari
957 3929 1092 3994 jubebant,
1109 3928 1172 3977 unda
1188 3928 1290 3993 legimus
1300 3926 1351 3976 An·

298 4001 389 4049 cambri
399 4017 488 4051 mense.
522 4003 613 4053 linas.
849 4002 926 4052 dria'm
939 4001 1044 4053 Terentii
1060 4012 1138 4052 actam
1150 4002 1214 4053 ludis
1224 4002 1352 4068 Megalen-

331 4076 392 4126 497.
417 4075 491 4133 Quid,
511 4078 682 4140 siseripsissem
700 4075 798 4141 mimos]
850 4077 933 4137 sibus3
950 4076 1023 4126 aliam
1034 4076 1097 4126 ludis
1107 4077 1254 4126 funebribus.

299 4147 371 4197 Mimi
388 4156 457 4198 erant
477 4159 587 4214 poemata
603 4149 654 4199 aine
671 4149 802 4200 reverentia
882 4151 940 4201 514.
957 4151 1166 4214 Semicaspectasti
1177 4153 1243 4200 letio
1257 4151 1352 4199 adulte-

299 4222 422 4272 lasciviam
435 4223 562 4283 imitantia,
573 4240 627 4289 quaa
643 4240 658 4273 a
672 4224 799 4290 mimogra-
850 4225 911 4289 ria]
930 4224 1032 4275 Rectius
1048 4223 1144 4274 omnino
1155 4227 1230 4273 lentus
1241 4238 1282 4271 sex
1301 4237 1351 4271 me-

300 4295 362 4361 ptis,
372 4297 397 4344 id
408 4305 452 4354 cst,
463 4296 615 4364 scriptoribus
627 4298 751 4347 mimorum
762 4299 800 4347 lu·
849 4297 939 4361 liores5
956 4298 1012 4348 vide
1029 4308 1104 4357 notas,
1117 4299 1194 4365 Epist.
1205 4296 1258 4344 xix.
1269 4303 1292 4344 v.
1303 4297 1333 4343 al
1346 4315 1352 4344 ι

300 4367 340 4416 dis
349 4369 380 4417 ad
391 4370 514 4420 comoedie
527 4372 624 4421 sormam
635 4372 767 4440 composita
776 4371 802 4420 in
849 4372 915 4439 apud
937 4373 1022 4422 Horat
1046 4372 1089 4421 lib.
1110 4371 1127 4420 i.
1148 4370 1217 4434 Epist
1237 4367 1256 4414 i.
1277 4368 1353 4418 lentus

301 4441 381 4492 scenis
391 4444 531 4507 agebantur.
849 4456 969 4521 spectatqr,
985 4448 1106 4508 spectatori
1122 4444 1199 4492 adulo
1212 4439 1352 4506 obponitur:

335 4517 392 4566 too.
408 4517 496 4566 Praetor
506 4520 581 4584 emit]
601 4520 718 4569 Praetores
728 4518 802 4575 enim,
883 4519 1008 4568 &animi
1029 4520 1105 4568 ὶιηῑιω
1123 4524 1244 4579 spectator,
1260 4517 1353 4565 sedulus

300 4605 344 4639 seu
355 4589 514 4641 odilesludos
525 4592 653 4652 iaciebant,
665 4600 689 4642 ot
700 4608 714 4641 a
725 4591 802 4659 postis
916 4595 997 4640 indat.
1347 4594 1351 4603 '

916 4673 965 4719 1²4
