3609 5967
469 791 704 862 balsamia
726 787 818 860 ΗΒ.
841 792 886 860 V.
909 791 1047 860 ELEG.
1071 791 1141 860 ΙΙΙ.
1267 795 1334 864 815

283 966 385 1044 ilinc
402 993 474 1069 ego
490 967 582 1043 dum
600 978 735 1055 muter,
753 966 814 1042 vel
830 991 892 1042 me
910 967 1084 1042 Zanclaea
1101 967 1320 1068 Charybdis

333 1084 510 1171 Devoret,
529 1107 629 1181 aque
646 1085 726 1158 suia
744 1083 793 1158 ad
813 1082 937 1182 Styga
953 1083 1082 1157 mittat
1098 1082 1230 1180 aquia:

282 1198 354 1274 Vel
371 1199 512 1298 rapidae
529 1200 691 1274 flammis
709 1223 797 1273 urar
816 1199 1005 1298 patienter
1021 1199 1060 1272 in
1078 1197 1222 1288 AEtnae3
1284 1203 1333 1274 75

331 1313 404 1388 Vel
420 1313 517 1390 freta
537 1314 715 1390 Leucadii
732 1314 861 1389 mittar
877 1315 918 1387 in
935 1315 1013 1390 alta
1031 1314 1118 1390 Dei.

282 1428 393 1515 Quod
416 1430 570 1529 petitur,
591 1453 705 1530 poena
724 1439 805 1504 eat:
834 1453 961 1528 neque
985 1430 1086 1504 enim
1110 1429 1224 1504 miser
1248 1453 1333 1506 esse

430 1570 589 1636 recus03

332 1661 412 1736 Sed
429 1686 573 1762 precor,
593 1672 636 1736 ut
652 1659 797 1761 possim
813 1662 934 1736 tutius
952 1685 1037 1736 esse
1054 1661 1180 1738 miser.

611 2149 879 2225 ELEGIA
915 2151 993 2227 ΙΙΙ.

281 2353 382 2428 Itan
400 2353 484 2429 dies
501 2354 584 2430 baec
602 2363 673 2439 est,
691 2367 825 2451 quate
842 2354 1038 2429 celebrare
1055 2364 1191 2454 poetae,

331 2469 372 2544 Si
390 2471 504 2545 modo
520 2493 596 2544 non
613 2469 751 2544 fallunt
766 2478 950 2568 tempora,
971 2469 1136 2559 Bacche,
1156 2471 1301 2560 solent;

281 2585 472 2684 Festaque
489 2585 656 2660 odoratis
674 2584 872 2661 innectunt
887 2594 1061 2685 tempora
1078 2587 1203 2673 sertis,

331 2699 383 2776 Et
398 2703 531 2777 dicunt
548 2701 680 2777 landes
698 2703 746 2778 ad
765 2714 832 2777 tua
847 2702 935 2776 vina
951 2714 1049 2778 tuas.

279 2816 384 2892 Inter
400 2842 497 2916 quos
513 2817 679 2906 memini,
697 2818 789 2892 dum
807 2842 869 2894 me
886 2841 972 2894 mea
988 2818 1067 2892 sata
1084 2819 1272 2905 sinebant,
1305 2821 1327 2894 5

330 2934 418 3010 Non
434 2934 554 3010 invisa
570 2935 640 3008 tibi
657 2959 745 3034 paro
764 2959 836 3034 ego
853 2959 957 3034 soepe
975 2934 1049 3010 fui:

310 3151 351 3198 7³.
373 3149 479 3200 Pontico
497 3151 646 3216 charybde]
672 3151 778 3204 &aclea
826 3151 923 3218 periret.
937 3149 1002 3202 Plin.
1016 3150 1048 3202 iv.
1062 3151 1084 3202 l.
1117 3153 1208 3201 Praeter
1224 3165 1254 3200 ea
1269 3151 1330 3200 bene

278 3223 421 3288 Charybdin
441 3224 475 3274 nic
492 3224 556 3273 enirn
572 3233 648 3292 poetar
664 3241 718 3275 οιιιιι
734 3226 778 3275 ad·
826 3227 939 3275 obaerrat
956 3223 1113 3291 Verpoorten,
1132 3224 1228 3291 oblique
1248 3239 1330 3290 rogare

277 3297 376 3364 pellent,
396 3299 428 3348 ab
445 3299 505 3347 arbe
523 3297 612 3347 Sicilie
628 3299 724 3357 Zancle,
742 3300 777 3350 eic
826 3308 930 3365 poetam,
944 3307 972 3348 ut
988 3299 1034 3348 eibi
1049 3299 1194 3349 concedatur
1205 3299 1231 3348 in
1247 3299 1330 3348 Sicilia

277 3372 398 3438 adpellata
417 3371 528 3440 anpecie
545 3372 628 3433 lalcin3
648 3373 778 3439 eiquidetn,
827 3382 869 3422 ant
880 3374 954 3439 Epiro
970 3373 1058 3431 virere,
1076 3373 1118 3423 nbi
1134 3373 1226 3440 propior
1243 3373 1328 3422 Roroe

277 3453 373 3496 anctore
381 3445 533 3510 Thucydide,
543 3445 630 3496 falcem
637 3446 713 3496 Siculi
723 3463 777 3496 aaa·
826 3446 1195 3514 ettutiorineanilioeeaepoerit.
1212 3448 1327 3496 Hennae.

276 3521 336 3569 eim
352 3520 488 3587 adpellant:
514 3535 570 3568 narn
586 3519 640 3570 loca
657 3537 687 3571 ea
702 3537 777 3572 curva

276 3593 356 3652 lninae,
366 3595 437 3644 docet
446 3595 519 3645 etiarn
529 3595 622 3644 Strabo.
860 3598 882 3645 i.
901 3596 954 3651 Qua
964 3606 987 3645 te
1001 3599 1114 3646 celebrare
1127 3595 1217 3659 poete]
1236 3594 1328 3644 Bacchi

310 3669 349 3717 76.
367 3669 437 3718 lanc.
447 3669 506 3734 dei]
530 3668 723 3735 b.e.-Apollinia,
734 3669 776 3734 qai
826 3670 912 3720 loetum
927 3670 1093 3721 celebrabatur
1110 3687 1150 3720 ιι.
1165 3669 1269 3718 Kalend.
1289 3670 1327 3719 A·

276 3742 303 3792 in
319 3743 477 3809 promontorio
493 3744 599 3794 leucate
615 3743 700 3793 babuit
715 3753 776 3793 tern-
825 3745 898 3811 prilee
914 3762 929 3795 e
945 3746 1034 3812 pontiu
1053 3744 1204 3794 concitantur
1221 3743 1285 3792 eninr
1302 3753 1328 3794 et

276 3818 351 3884 plan.
383 3819 476 3869 leucae
495 3826 577 3868 autem
594 3816 620 3866 in
639 3817 774 3884 peninmla,
825 3818 1051 3885 ipaiuteacerdotee
1061 3817 1168 3867 Bacchi:
1187 3825 1259 3882 atque
1272 3817 1328 3868 ideo

275 3891 639 3958 quapoeteainaulataetaeet,
651 3892 711 3942 freto
722 3907 776 3958 per·
825 3901 851 3942 et
872 3893 961 3943 hedera
982 3902 1133 3943 coronantur.
1177 3891 1236 3956 Ejus
1260 3907 1328 3941 sacra

276 3967 347 4023 foeno,
364 3965 430 4016 clara
441 3965 488 4015 init
503 3967 561 4015 urbe
574 3974 600 4016 et
614 3974 689 4031 caput
702 3966 776 4015 Acar·
827 3967 908 4017 Jeiina
918 3967 999 4016 Cesar
1009 3966 1099 4034 prinae
1108 3965 1212 4014 Romam
1226 3973 1329 4014 uenatu·

277 4039 778 4091 naaio.v.1.ir.33.1'1.etCeilariinotit·
827 4041 864 4089 lit.
896 4041 937 4090 De
945 4040 1017 4107 hujus
1026 4041 1075 4090 Dei
1088 4040 1161 4090 eacria
1172 4038 1245 4104 legito
1256 4040 1329 4089 Ouid.

276 4114 338 4164 orbis
351 4114 443 4181 antiqui
454 4125 511 4165 tona
521 4115 538 4164 i.
549 4130 604 4181 pag.
615 4116 673 4164 893.
704 4114 775 4164 Allu-
828 4114 870 4164 lib.
880 4113 916 4163 iii.
926 4115 1059 4164 Fastorum.
1093 4115 1165 4163 Mae.

275 4188 312 4238 dit
321 4197 402 4240 ιιιιειιι
412 4189 664 4245 Ovidineadmorero,
674 4187 717 4253 qui
731 4188 777 4237 luit
860 4190 886 4237 3.
911 4187 1037 4238 innectant
1062 4186 1185 4250 tempera]
1222 4181 1328 4248 Magnae

276 4262 410 4319 leucadiis,
425 4271 453 4312 ut
466 4261 594 4328 quotannia
611 4263 637 4311 in
654 4261 728 4312 aacria
741 4262 775 4309 A·
827 4263 884 4311 olim
905 4272 1020 4312 certorum
1037 4277 1094 4312 uene
1109 4261 1135 4310 in
1152 4259 1236 4310 debus
1253 4259 1328 4317 lentis,

275 4336 372 4402 pollinis
381 4345 473 4386 eontern
487 4337 593 4403 aliquem
604 4336 635 4386 de
646 4335 777 4403 precipitio
826 4337 956 4396 ucnliciia
966 4336 1100 4404 nympoaiie,
1111 4336 1169 4401 quia
1178 4333 1273 4398 siguum
1286 4333 1327 4382 le-

273 4410 300 4459 in
314 4411 402 4459 fretum
417 4409 555 4476 dejicerent,
570 4411 613 4460 ted
628 4410 710 4460 aliaet
725 4409 776 4458 avi·
826 4410 895 4461 titia.
929 4413 1009 4462 Ponr.

272 4486 319 4534 bue
331 4484 367 4534 ita
384 4484 533 4543 instructum,
548 4495 576 4535 ut
588 4486 679 4535 volaret
691 4485 775 4550 megia,
857 4489 882 4535 6.
910 4487 974 4534 Dum
995 4501 1030 4533 me
1050 4499 1100 4531 m
1117 4481 1178 4547 soto
1198 4482 1323 4546 nectant]

274 4575 347 4625 quam
356 4556 470 4618 eaderet;
485 4574 557 4623 qoem
566 4558 608 4608 elii
619 4559 644 4608 in
658 4557 776 4608 mriculie
825 4559 908 4616 Quum
918 4557 1023 4608 nonduin
1033 4571 1098 4607 erm
1108 4557 1228 4620 relegatur
1236 4555 1267 4606 ab
1275 4555 1327 4607 Λιι-

274 4633 305 4682 ad
319 4631 344 4682 id
358 4631 437 4698 parati
454 4631 614 4698 excipiebant,
630 4648 660 4681 ne
674 4631 700 4680 in
716 4627 775 4680 mari
826 4641 906 4696 quoto.
