3609 5967
454 756 522 824 291
617 797 620 801 ›
747 750 788 818 P'.
811 746 975 818 OVIDII
1009 745 1223 813 NASONIS

458 928 553 1004 Haec
571 952 642 1026 ego
660 935 798 1001 cuncta
813 923 931 1023 prius,
943 945 1060 1020 quam
1072 931 1124 1008 te,
1137 919 1345 1010 carissime,
1357 922 1510 997 credam

509 1043 702 1119 Mutatum
719 1062 848 1115 curam
865 1037 1091 1136 deposuisse
1109 1037 1197 1111 mei.
1460 1044 1510 1112 20

459 1157 650 1234 innumeri
668 1166 816 1231 montes
834 1155 1011 1227 interme
1028 1162 1157 1249 teque,
1176 1150 1337 1249 viaeque,

508 1274 771 1371 Fluminaque,
786 1281 825 1345 et
841 1269 979 1369 campi,
999 1292 1070 1342 nec
1087 1267 1184 1342 freta
1197 1290 1333 1365 pauca,
1345 1268 1489 1364 jacent.

458 1390 567 1464 Mille
584 1399 712 1489 potest
728 1387 866 1475 causis,
885 1409 910 1460 a
924 1394 965 1461 te
982 1408 1068 1484 quae
1086 1384 1197 1458 litera
1214 1406 1318 1482 saepe

511 1505 634 1579 Missa
650 1504 714 1591 sit,
732 1503 772 1577 in
789 1511 938 1576 nostras
955 1500 1061 1575 nulla
1076 1499 1203 1574 venire
1220 1520 1365 1573 manus.

460 1619 569 1694 Mille
583 1631 711 1694 tamen
729 1639 863 1693 causas
881 1615 1083 1690 scribendo
1096 1614 1205 1688 vince
1219 1613 1447 1712 frequenter,
1458 1616 1509 1686 25

512 1736 703 1810 Excusem
721 1759 770 1810 ne
787 1745 826 1808 te
843 1755 1007 1832 semper,
1026 1731 1160 1817 amice,
1179 1728 1284 1804 mibi.

815 2017 1174 2031 w·

799 2214 1026 2292 ELEGIA
1063 2212 1177 2290 VIII.

460 2443 484 2518 J
488 2466 551 2515 su
570 2466 656 2516 mea
671 2466 835 2542 cycneas
854 2441 1050 2517 imitantur
1065 2450 1238 2539 tempora
1252 2437 1414 2537 plumas,

512 2557 639 2631 Infieit
655 2567 694 2631 et
711 2557 838 2654 nigras
855 2579 952 2631 cana
969 2565 1125 2631 senecta
1140 2577 1291 2628 comas:

460 2672 484 2747 J
487 2696 549 2747 am
567 2673 732 2747 subeunt
750 2673 837 2747 anui
855 2673 1019 2770 fragiles,
1039 2683 1079 2749 et
1094 2671 1247 2746 inertior
1264 2681 1382 2757 aetas3

511 2786 676 2885 Jamque
694 2811 829 2886 parum
844 2788 952 2861 firmo
970 2813 1031 2863 me
1049 2788 1141 2862 mihi
1158 2786 1255 2862 serre
1272 2808 1384 2881 grave
1402 2794 1473 2860 est.

462 2900 575 2976 Nunc
593 2912 685 2989 erat,
704 2913 747 2978 ut
764 2904 887 3003 posito
905 2905 1084 2979 deberem
1097 2902 1172 2977 fine
1190 2903 1361 2977 laborum
1486 2905 1510 2975 5

512 3019 660 3116 Vivere,
680 3043 741 3093 me
760 3020 863 3093 nullo
881 3019 1109 3094 sollicitante
1126 3028 1253 3107 metu3

461 3133 635 3234 Quaeque
653 3157 747 3209 meae
763 3158 914 3233 semper
930 3136 1153 3234 placuerunt
1170 3132 1251 3206 otia
1265 3131 1396 3218 menti,

512 3250 692 3350 Carpere,
710 3251 806 3325 etin
823 3250 959 3326 studiis
977 3249 1138 3325 molliter
1155 3272 1241 3324 esse
1258 3247 1375 3336 meis;

459 3543 519 3594 tore,
527 3535 637 3587 muliebri
646 3536 717 3594 facie,
727 3536 830 3602 pedibus
840 3553 870 3588 sc
883 3537 962 3587 cauda
1011 3536 1222 3601 &melgerms
1233 3534 1354 3600 orgum
1378 3534 1478 3600 Legitur
1487 3550 1514 3586 e-

459 3609 544 3667 leonis,
556 3608 641 3676 pennis
651 3609 848 3660 sutemvolucris.
872 3613 962 3661 Ferunt
1012 3614 1078 3669 tiam,
1096 3611 1310 3674 &apsntipsdespur
1323 3609 1449 3674 Giganta.-
1466 3609 1513 3659 boe

460 3683 591 3749 Sphingem
605 3683 676 3749 juxta
684 3683 780 3732 'lbebss
793 3684 896 3749 enigma
907 3684 962 3733 bos·
1011 3696 1056 3743 est,
1071 3685 1197 3750 Gigantes,
1215 3699 1315 3749 quorum
1333 3682 1408 3748 pedes
1423 3683 1450 3731 in
1465 3698 1514 3732 ser·

460 3757 550 3823 pitibus
570 3756 731 3822 proposuisse:
752 3757 818 3823 quod
840 3759 898 3807 satis
918 3773 961 3807 no·
1011 3757 1394 3827 pentumvolumiriadesinebsnt.
1412 3757 1513 3823 Daqrsi·

460 3839 523 3879 tum.
563 3831 595 3878 Et
613 3831 740 3896 Harpyias.
763 3832 884 3882 Hesiodus
900 3832 962 3882 duas
1011 3832 1279 3884 busMscrob.Saturn.
1288 3830 1355 3879 libi.
1381 3830 1472 3880 Heras.

461 3912 555 3953 tanturn
565 3902 624 3953 dicit
632 3906 751 3972 Harpyias
759 3905 831 3957 fuisse
842 3906 960 3956 ebesu·
1046 3907 1084 3956 ld.
1097 3904 1301 3967 Cmtimoaasaqus
1311 3903 1417 3968 Gygam]
1429 3903 1514 3967 Gyges

461 3986 543 4027 munte
558 3988 583 4027 et
592 3978 690 4027 Electra
699 3988 777 4038 natas,
787 3980 879 4030 adlicer
888 3978 961 4028 Aello
1010 3980 1119 4045 (auctore
1129 3976 1250 4039 Hesiodo)
1259 3977 1323 4027 Coeli
1333 3986 1358 4026 et
1365 3977 1444 4026 Terre
1452 3976 1515 4026 lilius

461 4060 487 4100 et
501 4051 638 4116 Ocypeteu:
658 4053 752 4102 tertiam
771 4053 864 4103 addidit
881 4054 960 4110 Maro,
1010 4053 1063 4110 luit,
1078 4052 1197 4117 fraterque
1215 4052 1309 4100 Briarei
1322 4060 1347 4100 et
1362 4050 1438 4107 Cotti.
1454 4066 1514 4115 quo·

461 4124 575 4185 Celeuo;
597 4140 726 4191 earumque
746 4127 844 4177 formam
863 4128 898 4177 ita
919 4128 962 4178 de·
1010 4142 1063 4176 rum
1073 4125 1179 4190 singulos
1188 4135 1287 4174 centum
1302 4140 1388 4173 manus
1401 4123 1513 4174 babuisse

461 4197 552 4256 scribit,
564 4198 736 4250 AEn.iii.ato:
1010 4199 1080 4258 dixit,
1095 4190 1126 4248 'et
1149 4198 1230 4265 capita
1250 4199 1435 4265 quinquaginta.
1478 4197 1512 4245 Hi

497 4272 602 4338 Virginei
611 4275 729 4322 uolucrum
743 4275 961 4341 cultus,fudissima
1013 4273 1105 4323 Turres
1119 4272 1178 4322 dicti
1193 4281 1257 4330 sunt,
1269 4289 1298 4322 ae
1311 4272 1444 4321 decennale
1461 4272 1513 4320 bel·

527 4349 614 4395 ventris
1011 4347 1061 4397 lum
1071 4362 1127 4396 cum
1136 4346 1233 4396 Saturni
1241 4346 1297 4397 filiis
1308 4354 1443 4411 gesseram.
1471 4346 1513 4393 Sr-

495 4417 738 4484 emissamque
746 4422 961 4483 msnus,stpallids
1010 4423 1158 4485 uideamus
1174 4423 1259 4470 mmm.
1290 4420 1457 4470 Minotaurum
1471 4418 1513 4469 de·

526 4504 611 4554 emper·
1011 4501 1086 4551 notat,
1096 4504 1182 4544 natura
1195 4494 1303 4561 duplici:
1321 4508 1377 4543 aaut
1389 4508 1467 4558 usqua
1482 4492 1513 4541 ad

497 4564 628 4630 orosam.
1011 4567 1121 4618 humeros
1131 4566 1460 4626 tauroecetersbbmoluit.
