3609 5967
343 733 346 740 ⁴
422 780 491 845 ax
516 780 677 847 rouro
701 780 793 846 nin.
818 769 868 845 rr.
892 781 1040 847 nrrsr.
1062 783 1166 848 vnr.
1254 786 1320 851 rao

271 952 417 1029 Felices
434 954 499 1040 illi,
519 954 584 1052 qui
603 978 678 1027 non
697 956 908 1042 simulacra,
928 957 995 1029 sed
1015 956 1130 1053 ipsos,

320 1069 471 1169 Quique
485 1070 616 1154 ‚Deum
633 1094 760 1145 coram
778 1094 937 1170 corpora
952 1095 1041 1145 vcra
1056 1071 1199 1146 vident.

254 1183 379 1286 ,Quod
398 1187 577 1284 quoniam
595 1187 703 1261 nobis
721 1171 853 1260 invidit
870 1186 1004 1261 inutile
1021 1185 1152 1274 satum,

318 1299 425 1385 Quos
442 1302 550 1376 dedit
569 1326 628 1378 ars
645 1303 755 1389 votis,
776 1303 1015 1400 effigiemque
1033 1303 1129 1377 colo.
1269 1309 1319 1380 60

269 1416 334 1491 Sic
352 1418 524 1494 homines
543 1442 679 1493 novere
696 1417 813 1504 Deos,
832 1442 929 1515 quos
947 1419 1085 1492 arduus
1102 1420 1219 1493 aether

319 1533 496 1609 Occulit:
526 1545 566 1609 et
582 1535 717 1609 colitur
734 1558 802 1633 pro
816 1533 912 1610 Jove
929 1534 1049 1610 forma
1063 1533 1182 1611 iovis,
1275 1521 1278 1526 ¹

269 1648 460 1749 Denique,
476 1676 563 1749 quae
580 1675 729 1726 mecum
744 1661 820 1738 est,
832 1661 872 1726 et
887 1651 960 1726 erit
977 1652 1060 1726 sine
1073 1651 1160 1739 fine,
1172 1661 1316 1738 cavete,

319 1763 381 1839 Ne
399 1751 450 1839 sit
466 1766 505 1839 in
523 1767 643 1846 inviso
657 1777 782 1841 vestra
798 1766 919 1864 figura
935 1767 1030 1842 loco.

234 1955 245 1963 ,
268 1879 369 1955 Nam
387 1892 503 1980 caput
519 1906 542 1957 e
560 1892 689 1956 nostra
706 1881 818 1956 citius
836 1882 983 1957 cervice
1000 1883 1166 1971 recedet,
1265 1887 1316 1957 65

317 1993 1123 2100 mmmmfflm‘

266 2109 390 2195 Quam
407 2136 558 2190 caream
576 2113 706 2214 raptis,
725 2138 748 2188 o
767 2114 921 2214 publica
938 2113 1103 2200 numina,
1122 2112 1251 2200 vobis3

315 2227 394 2303 Vos
412 2229 516 2305 eritis
534 2241 673 2304 nostrae
691 2241 822 2330 portus
840 2240 880 2305 et
897 2253 963 2303 ara
978 2229 1099 2327 sugae:

175 2385 188 2398 ·
267 2342 344 2418 Vos
362 2368 433 2442 ego
450 2347 693 2444 complectar,
713 2344 860 2420 Geticis
878 2345 910 2418 si
928 2345 1058 2441 cingar
1073 2345 1122 2418 ab
1140 2343 1275 2431 armis;

314 2459 471 2557 Vosque
488 2484 593 2536 meas
606 2455 766 2558 aquilas,
778 2486 844 2535 vos
859 2484 947 2535 mea
963 2461 1072 2558 sigua
1088 2484 1238 2557 sequar.
1267 2464 1316 2554 70

264 2572 344 2649 Aut
360 2600 432 2673 ego
451 2600 511 2651 me
528 2575 630 2663 sallo,
650 2577 840 2677 nimiaque
858 2577 1036 2677 cupidine
1053 2577 1182 2664 ludor;

315 2689 396 2765 Aut
412 2715 501 2792 spes
519 2691 642 2767 exsilii
661 2694 927 2768 commodioris
945 2694 1067 2768 adest.

202 2851 206 2858 ·
265 2805 366 2881 Nam
383 2807 509 2881 minus
526 2818 567 2883 et
583 2807 707 2883 minus
725 2822 785 2884 est
801 2809 918 2884 facies
936 2810 974 2882 in
992 2808 1156 2905 imagine
1173 2807 1312 2895 tristis3

313 2920 484 3021 Visaque
502 2934 592 2998 sunt
607 2924 720 3000 dictis
739 2926 904 3001 adnuere
923 2949 988 2999 ora
1005 2923 1112 2999 meis.

263 3036 375 3128 Vera,
395 3063 541 3138 precor,
560 3038 653 3116 fiant
670 3040 811 3116 timidae
828 3043 1014 3140 praesagia
1035 3040 1195 3129 meutis;
1266 3044 1314 3113 75

314 3154 338 3229 J
342 3165 503 3253 uotaque
521 3157 694 3255 quamvis
713 3169 784 3247 est,
801 3159 851 3232 sit
868 3159 989 3233 minor
1005 3157 1061 3232 ira
1076 3155 1162 3231 Dei.

262 3345 354 3420 tantum
364 3385 491 3437 cupream
507 3381 532 3421 et
543 3372 588 3422 hoc
600 3382 708 3439 spectare
722 3389 765 3423 no·
819 3374 994 3440 Veetrrfigara.
1028 3373 1139 3422 Vestrum
1148 3371 1309 3421 simulacrum.

261 3445 299 3493 irie
320 3445 401 3511 prurit,
419 3447 621 3512 quemadmodum
638 3448 764 3514 gladiatori
827 3479 830 3486 =
845 3449 886 3497 66.
904 3445 1050 3496 h.e.oculoa
1060 3445 1117 3494 mihi
1128 3444 1208 3494 effodi.
1229 3445 1314 3494 Hera.

261 3519 352 3584 profuit
360 3519 447 3570 vidiree
464 3521 489 3570 iu
505 3537 578 3571 arena
593 3522 714 3572 Cererem
728 3523 764 3591 q>
847 3523 888 3570 68.
906 3521 1022 3569 Portum
1033 3519 1114 3583 nura]
1132 3519 1202 3568 Salus
1209 3526 1234 3568 et
1241 3519 1315 3568 farm.
1424 3511 1431 3523 '

262 3608 314 3642 sum
322 3603 473 3658 presentem.
848 3596 888 3644 ⁷0.
919 3595 952 3644 Ut
971 3611 1031 3643 mear
1050 3593 1160 3658 aquilon]
1188 3595 1314 3658 Tanquam
1407 3627 1410 3636 .

294 3667 335 3715 69.
351 3664 462 3732 inum]
481 3668 506 3717 h.
517 3685 541 3719 e.
553 3669 658 3727 noxium,
668 3668 765 3736 penire-
814 3686 868 3720 mee
888 3670 978 3720 vexilla
1004 3669 1196 3734 Romanaque
1222 3668 1316 3733 aquiiae

263 3755 331 3802 rum;
342 3740 394 3806 jem
405 3749 488 3792 notum
498 3751 543 3793 eet.
575 3744 690 3793 Hennes.
814 3745 1029 3811 pictaehabebant.
1050 3742 1314 3809 legemur-abdier.

295 3816 335 3864 61.
352 3816 391 3865 Sic
406 3818 505 3866 tomum
519 3835 600 3867 nonen
611 3818 692 3882 Deua]
710 3817 764 3868 Hoc
796 3819 857 3869 rib.
867 3819 893 3868 ii.
904 3834 958 3885 cap.
969 3822 995 3868 ⁶2.
1026 3819 1104 3867 Vestro
1114 3820 1190 3884 tigria
1216 3820 1316 3868 Vestrae

262 3896 342 3952 pecto,
353 3887 445 3938 ecilicet
455 3907 500 3956 per
505 3891 621 3956 imagines
631 3901 656 3941 et
666 3890 764 3940 rimula·
814 3894 938 3959 imaginor.

261 3975 323 4016 era„
333 3961 399 4012 Dece
416 3963 561 4014 immortua
581 3963 762 4030 cognoecimue:
847 3970 888 4018 7³.
899 3965 930 4016 ln
946 3968 1069 4032 imagine]
1082 3968 1111 4016 In
1121 3967 1190 4033 cigno
1200 3967 1314 4032 Augusti.

262 4037 446 4101 namproprinm
457 4039 719 4089 eorumsormemnulli
734 4038 764 4087 li·
817 4040 912 4104 Vtraque
928 4052 983 4090 eunt
1001 4044 1079 4091 dictis.
1122 4043 1242 4109 Imaginor
1262 4041 1313 4092 iste

261 4108 398 4159 cetvidere.
812 4113 1002 4165 rioeeuutmihi
1010 4117 1165 4174 assentirent
1176 4117 1313 4167 veiintcou·

294 4184 334 4232 64.
351 4185 382 4233 In
393 4188 465 4236 inviro
476 4188 543 4252 loca]
560 4188 591 4237 Iu
603 4195 664 4239 terra
674 4188 763 4239 boetili.
812 4189 896 4239 cedere
905 4190 1066 4240 locumenilii
1074 4189 1315 4256 megir'cornmodum.
