3609 5967
464 691 529 756 sos
639 736 646 745 .
759 690 799 779 r.
822 684 985 754 ovrnn
1009 685 1222 753 ussurus

468 865 532 939 Sic
550 889 633 962 ego,
654 862 883 937 Sarmaticas
901 860 1013 956 longe
1029 862 1223 958 projectus
1240 859 1280 935 in
1297 884 1394 950 oras,

517 979 649 1054 Efficio
666 978 823 1053 tacitum
841 1002 889 1051 ne
906 977 999 1050 mihi
1017 976 1130 1050 funus
1148 987 1224 1050 eat.
1366 1056 1373 1062 ,

467 1096 633 1171 Delicias
651 1094 682 1169 si
700 1092 799 1192 quiS,
818 1094 1034 1192 lascivaque
1052 1094 1219 1168 carmina
1233 1093 1380 1190 quaerit,
1466 1096 1510 1166 15

516 1211 736 1285 Praemoneo
753 1232 947 1306 nunquam
965 1208 1108 1308 scripta
1125 1209 1228 1306 quod
1246 1209 1320 1283 ista
1334 1209 1448 1304 legat.

464 1328 600 1428 Aptior
615 1328 703 1403 huic
719 1327 866 1414 Gallus
884 1324 1091 1421 blandique
1109 1323 1330 1423 Propertius
1347 1324 1434 1411 oris,

514 1444 662 1544 Aptior,
681 1441 872 1540 ingenium
890 1466 1011 1527 come,
1031 1440 1203 1515 Tibullus
1221 1440 1305 1514 erit.

465 1561 595 1658 Atque
612 1559 757 1633 utinam
774 1581 930 1633 numero
947 1582 996 1631 ne
1013 1580 1083 1630 nos
1098 1579 1267 1630 essemus
1284 1555 1323 1627 in
1341 1554 1433 1628 isto!

516 1676 603 1749 Heu
613 1674 724 1748 mihi!
740 1698 808 1748 cur
818 1696 986 1770 unquam
1000 1671 1115 1746 Musa
1126 1673 1256 1770 jocata
1264 1695 1350 1744 mea
1358 1671 1443 1744 estl
1461 1677 1510 1744 20

467 1792 545 1867 Sed
562 1791 735 1866 dedimus
758 1813 889 1888 poenas
904 1817 913 1878 ;
942 1788 1194 1887 Scythicique
1211 1787 1403 1861 infinibus
1422 1787 1510 1861 Istri

515 1908 585 1983 Ille
602 1906 807 2006 pharetrati
824 1906 928 1979 lusor
944 1906 1094 1979 Amoris
1112 1905 1232 1979 abest.

466 2025 578 2110 Quod
596 2033 782 2122 superest,
800 2022 945 2097 animos
964 2022 1013 2097 ad
1030 2021 1183 2152 publica
1200 2018 1366 2093 carmina
1381 2019 1483 2106 flexi,

517 2141 569 2215 Et
585 2163 770 2214 memores
784 2140 881 2237 jussi
899 2140 1061 2214 nominis
1079 2163 1164 2213 esse
1182 2138 1253 2211 sui.

467 2256 508 2329 Si
527 2266 655 2331 tamen
673 2280 695 2329 θ
712 2255 818 2329 vobis
836 2255 987 2353 aliquis,
1007 2264 1085 2329 tarn
1102 2253 1234 2341 multa,
1254 2252 1431 2349 requiret,
1459 2252 1508 2326 25

518 2372 630 2445 Unde
647 2370 812 2444 dolenda
827 2393 983 2459 canam3
1012 2370 1131 2443 multa
1147 2369 1310 2442 dolenda
1326 2367 1407 2442 tuli.

466 2487 502 2561 N
505 2512 554 2561 on
571 2486 680 2560 hoec
671 2485 833 2583 mgenio‚
848 2509 924 2558 non
941 2486 1022 2560 haec
1041 2484 1302 2583 componimus
1320 2495 1421 2574 arte;

516 2602 679 2677 Materia
695 2612 754 2675 est
771 2599 931 2698 propriis
949 2600 1144 2698 ingeniosa
1161 2599 1283 2673 malis.

365 2731 379 2756 ⁸
462 2708 517 2794 Et
533 2732 650 2818 quota
666 2718 822 2793 fortunae
840 2742 928 2817 pars
946 2729 1006 2792 est
1023 2719 1061 2791 in
1078 2716 1243 2792 carmine
1261 2715 1425 2788 nostrael

515 2836 636 2924 Felix,
653 2836 718 2933 qui
736 2835 889 2933 patitur,
910 2859 996 2933 quae
1013 2854 1209 2908 numerare
1227 2830 1346 2906 valet!
1461 2836 1510 2906 30

466 2953 570 3038 Quot
585 2951 740 3025 frutices
758 2951 875 3036 silvae,
896 2963 992 3049 quot
1008 2951 1126 3025 flavus
1145 2948 1282 3047 Tybris
1300 2971 1446 3035 arenas,

515 3067 648 3142 Mollia
664 3077 758 3164 quot
775 3065 911 3141 Martis
928 3067 1097 3164 gramina
1114 3088 1271 3163 campus
1289 3064 1426 3152 habet3

464 3185 537 3260 Tot
553 3186 653 3260 mala
669 3183 912 3283 pertulimus:
942 3207 1100 3280 quornm
1117 3179 1308 3254 medicina
1324 3179 1510 3278 quiesque

515 3300 642 3386 Nulla,
662 3300 733 3373 nisi
752 3298 790 3373 in
808 3298 945 3385 studio,
961 3296 1233 3394 Pieridumque
1251 3318 1357 3368 mora
1372 3304 1443 3368 est.

499 3613 537 3658 14.
550 3610 586 3659 Ne
594 3610 695 3677 sunus]
714 3611 754 3659 Ne
770 3612 885 3675 relegatio
897 3627 962 3661 mea.
1012 3610 1161 3659 commonia:
1180 3618 1222 3659 sut
1234 3609 1316 3666 etiam,
1327 3624 1381 3674 quc
1393 3618 1449 3659 sont
1458 3626 1511 3677 per·

466 3684 692 3732 armoraciam.
717 3684 788 3732 Arne
798 3683 892 3734 silentio
901 3701 962 3750 prte-
1012 3684 1230 3749 petuactstabilia.
1254 3684 1366 3732 lirum.

462 3766 573 3805 tercatnr.
598 3757 652 3814 Vel,
664 3773 694 3806 ne
712 3758 780 3822 quasi
797 3773 890 3807 summo
906 3773 962 3807 curn
1045 3759 1086 3806 ³1.
1097 3756 1201 3821 ruva]
1223 3757 1281 3807 lna.
1295 3761 1374 3806 minus
1391 3757 1510 3826 limpida.

462 3829 558 3878 silentio
568 3830 631 3879 diem
641 3847 722 3879 meum
732 3832 827 3880 obeam.
851 3833 924 3880 Mun.
1015 3830 1070 3879 Pari
1090 3831 1160 3881 modo
1182 3831 1255 3881 Ouid.
1269 3832 1371 3881 Metam.
1389 3833 1439 3882 xiv.
1453 3835 1510 3883 44⁷.

500 3905 537 3952 16.
550 3905 698 3970 Vcrpoortcn
712 3905 747 3954 ita
761 3904 859 3971 exponit
868 3912 884 3933 ‘⁴
897 3906 962 3954 Ρη·
1010 3904 1100 3954 flumen
1122 3922 1216 3971 quoque
1239 3906 1350 3972 rapidum
1374 3910 1510 3973 torrensque

460 3994 541 4026 'monac
561 3988 591 4035 u,
612 3979 696 4036 lector,
715 3980 733 4029 i.
743 3994 766 4028 θ.
787 3977 891 4044 predico
910 3977 962 4037 tibi,
1011 3978 1145 4029 nominatur
1147 3982 1249 4046 flocum.
1273 3981 1388 4029 Horum.

464 4056 522 4117 prod
532 4055 656 4116 nemo‚qui
668 4054 865 4102 uninomina
872 4056 962 4116 qam,
1044 4054 1085 4101 32.
1097 4053 1179 4102 Monta
1197 4053 1409 4118 quot.]1.eidensis
1424 4052 1510 4111 codex,

465 4129 535 4191 legat,
549 4125 666 4190 (lectums
682 4126 721 4181 sit,
737 4127 815 4191 legere
831 4127 907 4175 soleat
920 4136 963 4177 aut
1011 4128 1103 4185 stillim
1120 4126 1162 4176 sed
1176 4129 1251 4185 mua,
1264 4127 1382 4194 proprium
1398 4128 1511 4192 murinis

460 4202 552 4250 ‘debeat
563 4208 588 4249 ut
597 4200 658 4249 intra
670 4203 751 4263 ulo.)
761 4204 846 4264 scripta
855 4205 908 4258 istc,
920 4202 961 4251 sed
1011 4199 1141 4265 epitheton,
1158 4201 1216 4252 lacit
1231 4210 1259 4251 ut
1277 4201 1310 4250 nil
1328 4209 1431 4251 mutem:
1449 4200 1512 4250 infru

464 4274 543 4340 potior
561 4273 655 4322 Gallum
675 4284 717 4323 aut
735 4275 889 4336 Propertium.
922 4274 961 4323 Sic
1011 4274 1120 4338 Elcgdv.
1131 4277 1213 4333 rcr.9,
1221 4285 1348 4338 exsperto
1357 4277 1513 4337 aarum

460 4347 523 4396 nihil
532 4348 834 4399 eritoonsatisLatinum.'’
849 4350 963 4402 llrncrs.
1013 4348 1125 4397 Gratuim
1135 4367 1145 4408 ,-
1162 4349 1197 4399 ita
1206 4352 1292 4414 palato
1304 4351 1383 4398 mollio
1397 4349 1423 4399 in
1433 4349 1512 4407 Ibide,

496 4422 537 4469 28.
549 4420 673 4486 Propon]
683 4423 706 4470 h.
714 4422 963 4487 asingulnfflmmnr
1011 4438 1061 4471 ver.
1073 4424 1136 4483 1373
1153 4433 1179 4473 ct
1189 4423 1285 4490 possim.
1307 4424 1396 4472 Brun.

465 4493 610 4558 vulgaribus,
618 4506 643 4544 ct
654 4513 707 4561 quta
718 4513 772 4546 curn
784 4494 838 4545 aliis
849 4513 895 4546 non
906 4504 962 4546 suut
1074 4530 1078 4541 .
