3609 5967
501 788 736 857 TRISTIUM
757 789 851 898 ΗΒ.
875 790 905 857 Ι.
930 790 1067 859 ELEG.
1092 795 1141 860 ΙΙ.
1284 796 1348 863 149

298 962 369 1039 Est
385 963 540 1063 aliquid,
559 962 682 1039 fatove
700 988 770 1039 suo
785 962 930 1038 ferrove
948 966 1148 1042 cadentem

347 1078 521 1155 Insolito
536 1079 701 1153 moriens
718 1102 859 1177 ponere
876 1103 1015 1178 corpus
1034 1082 1172 1157 humo:

296 1195 368 1271 Est
382 1196 561 1271 mandata
577 1196 655 1271 suis
673 1194 817 1293 aliquid
835 1219 988 1293 sperare
1003 1198 1192 1296 sepulcra,
1297 1206 1344 1276 55

347 1310 400 1386 Et
414 1337 490 1387 non
507 1312 693 1410 oequoreis
711 1312 982 1412 piscibusesse
999 1313 1140 1391 cibum.

298 1427 447 1525 Fingite
463 1452 524 1524 me
541 1428 699 1525 dignum
716 1428 784 1501 tali
801 1451 917 1502 nece:
947 1452 1021 1502 non
1036 1454 1107 1526 ego
1125 1431 1227 1505 solus

347 1543 422 1619 Hic
438 1545 578 1619 vehor:
607 1543 814 1618 immeritos
831 1567 899 1617 cur
917 1569 1004 1620 mea
1020 1571 1132 1643 poena
1148 1547 1291 1622 trahit?

296 1659 399 1734 Proh
415 1660 567 1759 Superi,
578 1661 793 1758 viridesque
812 1660 899 1747 Dei,
913 1662 1053 1759 quibus
1068 1666 1346 1760 aequoracurae!

349 1776 523 1876 Utraque
532 1778 614 1874 jam
631 1788 775 1851 vestros
792 1777 916 1851 sistite
934 1779 1046 1852 turba
1062 1778 1196 1853 minas.
1299 1786 1349 1854 60

298 1890 500 1989 Quamque
515 1891 623 1966 dedit
638 1892 755 1966 vitem
772 1891 974 1967 mitissima
992 1892 1156 1969 Oaesaris
1174 1894 1241 1982 ira,

346 2006 456 2081 Hanc
474 2008 587 2082 sinite
605 2008 737 2083 infelix
755 2010 794 2082 in
811 2010 896 2082 loca
908 2011 1019 2106 jussa
1035 2010 1165 2084 feram.

299 2124 353 2211 Si,
369 2148 486 2221 quam
502 2126 722 2211 commerui,
741 2150 893 2224 poenam
910 2149 972 2199 me
990 2128 1157 2224 pendere
1170 2128 1297 2215 vultis,

346 2239 474 2339 Culpa
489 2264 575 2314 mea
591 2251 663 2328 est,
683 2241 766 2340 ipso
780 2243 925 2339 judice,
946 2254 1065 2317 morte
1083 2242 1216 2318 minor.

298 2353 452 2429 Mittere
469 2379 530 2429 me
550 2354 707 2453 Stygias
724 2358 756 2430 si
770 2358 852 2455 jam
869 2359 1050 2434 voluisset
1068 2361 1116 2433 ad
1134 2361 1255 2435 undas
1300 2364 1349 2435 65

263 2544 271 2555 χ
348 2470 492 2557 caesar,
510 2471 548 2543 in
567 2470 639 2543 hoc
656 2480 782 2545 vestra
797 2497 873 2546 non
891 2474 1061 2570 eguisset
1078 2498 1162 2574 ope.

299 2584 371 2657 Est
388 2586 442 2658 illi
459 2585 576 2659 nostri
595 2610 672 2659 non
689 2584 875 2661 invidiosa
890 2590 1034 2663 cruoris
1155 2604 1157 2607 ’

348 2700 493 2799 Copia:
522 2700 703 2799 quodque
720 2702 839 2790 dedit,
859 2728 978 2801 quum
995 2705 1109 2792 volet,
1129 2706 1211 2805 ipse
1228 2704 1335 2781 feret.

242 2903 246 2907 Α
296 2815 376 2890 Vos
393 2815 519 2902 modo,
538 2840 634 2913 quos
653 2827 757 2893 certe
775 2818 879 2892 nullo
897 2829 992 2919 puto
1009 2819 1165 2894 crimine
1183 2822 1306 2909 laesoS,

346 2930 528 3005 Contenti
546 2931 697 3017 nostris,
716 2931 778 3019 Di,
797 2958 942 3031 precor,
963 2946 1044 3009 este
1063 2937 1184 3019 malis.
1303 2942 1351 3011 70

296 3046 333 3120 N
335 3071 379 3121 ec
397 3056 538 3133 tamen,
557 3058 600 3121 ut
616 3048 742 3121 cuncti
761 3048 940 3123 miserum
961 3074 1108 3125 servare
1125 3051 1262 3139 velitis,

347 3161 460 3247 Quod
477 3162 601 3261 periit,
621 3165 767 3239 salvum
779 3167 861 3263 jam
878 3176 996 3265 caput
1013 3190 1099 3240 esse
1117 3177 1257 3265 potest.

299 3269 354 3352 Ut
370 3301 472 3351 mare
489 3273 675 3360 considat,
693 3282 894 3377 ventisque
912 3280 1119 3356 ferentibus
1137 3292 1235 3367 utar,

350 3394 405 3469 Ut
421 3394 513 3468 mihi
530 3394 718 3494 pareatis;
747 3421 838 3471 num
856 3397 980 3471 minus
999 3397 1216 3473 exsulem?

330 3596 371 3645 5³.
388 3594 800 3664 Estoliqnid,satoqcemosmoque
847 3590 902 3646 'tum
923 3596 1043 3647 concitare
1063 3612 1147 3663 posse3
1170 3596 1274 3645 vidend
1292 3596 1351 3647 Hor.

297 3671 434 3735 nudarent]
455 3670 726 3732 Codentidnoveteres3
739 3672 799 3722 forte
849 3669 884 3719 iii.
895 3670 943 3720 Od.
955 3670 980 3718 ii.
991 3687 1014 3717 v.
1025 3671 1065 3719 25.
1077 3686 1131 3737 sqq.
1156 3670 1245 3719 Bunrr.
1269 3670 1350 3719 Notis-

296 3747 415 3793 eodentr's:
435 3740 522 3809 ieliqui
538 3744 587 3794 fere
606 3748 742 3803 cadendum,
757 3764 800 3813 pro
849 3746 911 3795 simo
921 3746 989 3795 Jone
1002 3744 1110 3793 historie.

297 3821 428 3868 cadentum,
449 3818 540 3868 Mortui
561 3818 625 3867 enim
644 3834 692 3868 non
707 3828 800 3885 ponunt
882 3820 923 3867 60.
939 3818 1042 3881 Utroque
1052 3818 1253 3882 eooaJmeoeli
1264 3826 1288 3867 et
1299 3835 1349 3867 me

223 3928 234 3953 s
297 3906 324 3940 ee
350 3891 375 3941 in
402 3900 474 3948 terre,
502 3892 545 3940 sed
572 3901 701 3957 ponuntur.
734 3894 800 3958 Iege
849 3891 943 3941 risDii.
976 3892 1048 3941 Men

297 3964 370 4015 etnm
377 3965 462 4047 satore
474 3982 515 4014 suo
517 3965 615 4033 ferrem
626 3982 680 4031 que
691 3982 720 4015 eo
730 3982 798 4033 spec
882 3968 925 4015 62.
943 3966 1044 4015 nun
1027 3980 1105 4029 josto
1113 3964 1172 4029 tre]
1186 3966 1215 4013 Iu
1224 3965 1349 4018 Pontcem

297 4048 358 4096 tent,
376 4047 404 4089 ut
421 4048 522 4089 mortem
540 4047 697 4107 spontaneam
718 4040 800 4090 ovio·
850 4053 925 4088 orem.

297 4112 362 4162 lente
380 4112 520 4177 distinguat.
552 4112 667 4178 Sequenti
683 4129 754 4163 versu
774 4114 801 4163 in
882 4113 923 4163 67.
937 4076 1129 4177 GrnorireopioJ
1143 4112 1349 4179 Mortismeepo-

297 4186 405 4251 plurimis
420 4190 487 4235 solito
501 4189 569 4236 homo
587 4202 631 4252 pro
649 4188 738 4237 solido:
754 4187 800 4237 hoe
850 4194 933 4243 testes,
949 4202 1003 4251 que
1019 4202 1093 4253 penes
1114 4184 1234 4235 Centrum
1248 4194 1293 4245 eet,
1305 4186 1350 4234 dre.

297 4268 343 4323 est,
357 4261 421 4326 quod
431 4262 546 4311 Tristium
562 4261 623 4310 lin'
616 4278 648 4310 ιν.
658 4261 725 4311 Ε1.“
709 4261 744 4311 ni.
758 4262 799 4312 46.
850 4260 922 4310 Cror.

297 4334 365 4391 dicit,
374 4346 460 4385 tactum
470 4340 573 4385 auxenti
584 4338 685 4385 tomum.
707 4337 799 4386 Herus.
881 4336 923 4383 66.
941 4334 1050 4397 Quodque
1070 4332 1155 4395 dedit]
1176 4330 1257 4379 Vitam
1278 4345 1351 4394 quem

331 4412 372 4459 60.
382 4410 430 4459 Hie
439 4410 528 4474 seton]
550 4410 604 4459 Huc
612 4409 708 4476 plurimi
716 4410 799 4476 scripti
848 4408 907 4457 mihi
919 4409 1037 4458 concessit
1046 4408 1178 4471 Augustus.
1196 4405 1272 4453 Feret.
1288 4402 1350 4452 Adi·

298 4490 324 4531 et
344 4482 421 4532 editi:
448 4483 517 4541 forte,
537 4486 588 4542 hoc,
609 4484 712 4541 scilieet,
735 4484 799 4534 navi.
847 4490 907 4540 met,
918 4482 1011 4548 eripiet.

296 4555 390 4604 Notum
406 4565 450 4615 est,
463 4573 537 4606 unum
551 4558 732 4624 noxium,sepe
747 4556 799 4607 exi-
882 4557 923 4605 7³.
952 4556 984 4604 Ut
1007 4570 1071 4603 more
1091 4552 1214 4615 nitidat]
1244 4550 1352 4601 considat

297 4626 359 4677 tium
374 4629 436 4688 eliis,
450 4630 534 4681 eadem
549 4631 605 4681 navi
623 4625 707 4689 iestis,
721 4630 798 4681 eredi-
848 4629 958 4679 meliores
976 4645 1066 4687 omnes,
1085 4636 1110 4677 et
1122 4643 1185 4677 mox
1202 4644 1258 4675 num
1276 4630 1352 4677 minus

915 4709 961 4757 La
