3609 5967
488 794 554 861 328

782 794 821 859 Ρ.
845 790 1008 859 OVIDII
1033 791 1246 860 NASONIS

490 967 576 1042 Vox
591 967 681 1053 fera,
699 977 788 1041 trux
803 967 941 1052 vultus,
960 966 1155 1040 verissima
1168 964 1304 1041 Martis
1323 968 1470 1068 imago;

541 1084 629 1157 Non
646 1107 767 1171 coma,
786 1107 861 1157 uon
879 1083 958 1156 ulla
970 1082 1090 1157 barba
1105 1095 1253 1158 resecta
1270 1108 1406 1161 mauu:

490 1200 659 1275 Dextera
675 1188 751 1274 non
768 1199 895 1296 segnis
912 1199 989 1272 fixo
1007 1199 1098 1273 dare
1114 1200 1270 1275 vulnera
1284 1201 1419 1288 cultro,

539 1313 664 1401 Quem
681 1316 847 1389 vinctum
866 1315 973 1390 lateri
991 1315 1173 1391 barbarus
1191 1317 1312 1390 omnis
1330 1317 1458 1392 habet.
1486 1325 1536 1392 20

487 1431 590 1505 Vivit
605 1433 644 1505 in
661 1432 733 1520 his,
750 1433 867 1507 eheu!
895 1442 1109 1506 tenerorum
1128 1432 1270 1507 oblitus
1289 1457 1470 1520 amorum,

538 1544 620 1622 Hos
636 1548 752 1635 videt,
769 1548 838 1622 hos
855 1560 961 1623 vates
979 1549 1097 1637 audit,
1117 1550 1251 1637 amice,
1269 1550 1374 1624 tuus!

486 1661 614 1762 Atque
632 1665 776 1739 utinam
793 1664 906 1752 vivat,
925 1666 1083 1740 sednon
1101 1666 1281 1741 moriatur
1298 1666 1336 1739 in
1354 1665 1449 1740 illis!

536 1777 650 1854 Absit
667 1780 716 1853 ab
734 1779 863 1856 invisis
881 1790 1066 1855 ettamen
1084 1782 1218 1856 umbra
1233 1781 1346 1856 locisl

487 1894 666 1970 Carmina
682 1897 784 1994 quod
799 1897 912 1995 pleno
929 1895 1057 1971 saltari
1076 1910 1206 1973 nostra
1222 1898 1380 1984 theatro,

1482 1902 1534 1971 25

534 2010 716 2086 Versibus
734 2023 773 2086 et
790 1998 920 2109 plaudi
937 2012 1085 2100 scribis,
1104 2013 1238 2100 amice,
1258 2013 1374 2088 meis:

486 2124 551 2199 Nil
569 2115 748 2225 equidem
766 2127 851 2214 feci,
870 2139 911 2202 tu
929 2128 1005 2202 sois
1023 2129 1094 2204 hoc
1109 2131 1208 2230 ipse,
1227 2130 1409 2217 theatris;

453 2327 457 2335 ⁴
535 2242 648 2318 Musa
663 2269 732 2318 nec
751 2243 790 2318 in
807 2247 964 2344 plausus
982 2246 1182 2343 ambitiosa
1198 2270 1284 2320 mea
1300 2255 1371 2320 est‘.

485 2357 569 2432 Nec
580 2369 708 2434 tamen
719 2361 907 2458 ingratum
918 2376 990 2447 est,
1002 2362 1259 2459 quodeunque
1270 2360 1406 2436 oblivia
1415 2360 1532 2434 nostri

534 2473 713 2574 Impedit,
727 2488 767 2551 et
780 2477 927 2576 profugi
942 2502 1079 2552 nomeu
1098 2479 1136 2552 iu
1153 2503 1219 2553 ora
1231 2477 1358 2553 refert.

1482 2481 1532 2551 30

484 2587 666 2675 Quamvis
684 2592 886 2680 interdum,
902 2617 989 2691 quae
1007 2618 1069 2670 me
1081 2588 1225 2669 laesisse
1242 2594 1430 2681 recordor,

535 2706 715 2783 Carmina
732 2709 912 2798 devoveo,
931 2709 1181 2809 Pieridasque
1195 2734 1323 2785 meas:

479 3005 601 3072 mutarum,
622 3025 695 3077 quaro
717 3011 850 3078 pharetram
873 3013 980 3075 nomios·

480 3096 549 3143 mus5
565 3080 618 3135 hoc
636 3100 667 3134 es
683 3086 764 3135 Seruio
777 3086 808 3135 ad
820 3088 878 3136 AEn.
888 3104 913 3138 ιι.
924 3089 979 3137 los.

480 3156 572 3207 movit
592 3158 716 3225 Verpoort.
733 3178 757 3210 r.
776 3159 850 3211 etiam
871 3162 980 3212 Martiali

480 3228 585 3283 Iasidos
607 3232 722 3301 philolog.
745 3236 840 3285 Brome
863 3237 934 3286 1623.
954 3252 979 3303 p.

479 3305 536 3354 516.
562 3305 674 3357 urim
882 3320 891 3330 ·

514 3379 553 3427 17.
569 3380 655 3431 Mortis
671 3383 774 3433 cultores
790 3393 858 3435 eraut
874 3386 944 3436 Gora
955 3404 979 3437 r.

479 3467 541 3501 vers.
550 3455 575 3503 3.
588 3455 630 3502 22.
645 3455 815 3506 Trucissimum
826 3459 914 3508 Martis
926 3461 978 3509 vul·

479 3532 531 3574 tum
539 3525 627 3576 videio
637 3527 725 3578 Museo
734 3530 862 3595 Capitolio.
874 3542 933 3582 tom.
944 3532 979 3582 iii.

478 3600 530 3648 tab.
540 3601 581 3650 21.
599 3612 624 3650 et
633 3600 698 3667 apud
708 3600 823 3652 Marisrte
839 3604 864 3653 io
876 3605 979 3655 Reeueil

478 3672 521 3722 des
531 3673 618 3740 pierres
628 3676 726 3739 gaudes
732 3678 781 3726 tob.
789 3679 830 3725 20.
839 3678 914 3727 vel-iu
925 3677 978 3728 dul·

478 3746 580 3798 cissimis
590 3749 690 3799 Veneris
703 3751 852 3816 amplexibus
866 3751 909 3802 ille
929 3761 978 3802 tru-

479 3837 533 3872 cem
543 3839 591 3888 pra
607 3839 633 3873 se
643 3824 688 3873 lert
699 3825 800 3874 vultum.
823 3826 887 3876 Hinc
904 3826 977 3876 etiam

479 3894 604 3946 Anacreon
627 3897 653 3946 iu
677 3897 853 3963 elegantissimo
873 3899 978 3949 carmine

479 3972 522 4019 29.
533 3969 564 4020 de
575 3971 689 4037 Bathyllo
698 3990 722 4022 v.
731 3975 770 4022 12.
780 3991 834 4040 sqq.

450 4081 465 4095 '
545 4082 634 4134 uuas
643 4084 712 4150 ὄμμα
723 4088 815 4152 γοργὸν
825 4087 897 4144 ἔστιν,

542 4158 718 4224 πεπρωμένον
724 4160 839 4226 &abisur

543 4234 573 4283 rb
582 4234 630 4298 μὲν
639 4233 665 4289 lt
675 4232 770 4298 ’Δρηος
779 4233 861 4291 ἕλκον,

544 4308 574 4357 rb
583 4305 609 4356 bl
618 4310 665 4367 τῆς
674 4308 755 4368 καλῆς
766 4307 893 4372 Κιθήρης.

830 4380 945 4431 Hirrus.

514 4483 551 4531 19.
574 4481 649 4547 Fiam]
669 4482 726 4531 h.e.
745 4482 836 4532 inflicto
853 4482 976 4533 homiuum

478 4555 621 4620 corporibus.
644 4557 725 4605 Culter·
742 4564 780 4605 est
800 4556 824 4604 b.
836 4557 853 4606 1.
873 4556 983 4625 gladius.

479 4644 527 4694 ‘1¹¹⁰
540 4628 621 4679 wius
635 4630 775 4689 seriorum
793 4642 817 4681 er
832 4630 911 4682 Greci
929 4630 974 4696 μά-

1031 3030 1124 3079 χαιραν
1138 3026 1181 3077 pro
1195 3007 1276 3076 gladio
1290 3017 1316 3058 et
1326 3008 1403 3056 cultro
1413 3005 1533 3055 dixerunt.

1031 3081 1146 3135 Hassis.

1061 3160 1102 3208 21.
1114 3158 1193 3222 Foru]
1213 3154 1327 3206 “Nescio
1340 3169 1371 3203 so
1386 3169 1435 3203 non
1449 3152 1532 3208 latur.

1029 3233 1062 3283 ait
1070 3234 1229 3289 Burmannus.
1237 3230 1350 3279 mendum
1358 3227 1384 3277 iu
1391 3227 1462 3276 socr:
1474 3242 1531 3276 usm

1028 3317 1093 3357 certe
1107 3305 1229 3355 -Medesm
1253 3303 1351 3353 thuriis
1372 3302 1438 3359 seer,
1459 3311 1484 3351 ot
1504 3300 1530 3349 iu

1029 3380 1127 3431 theauis
1142 3395 1188 3429 sus
1204 3386 1323 3446 poemata,
1340 3384 1464 3443 speessuse
1478 3373 1529 3423 Aa·

1029 3464 1109 3519 gusto,
1127 3452 1216 3503 sslrsss
1233 3450 1314 3509 luisse,
1331 3448 1414 3499 scribit
1432 3448 1484 3516 ipso
1502 3447 1529 3497 ii.

1028 3529 1099 3578 Trisl.
1107 3528 1164 3579 ow.
1174 3543 1228 3594 sqq.
1238 3526 1307 3576 vor.'’
1333 3524 1368 3573 Ar
1377 3524 1442 3573 euim
1452 3523 1531 3572 lorsau

1029 3600 1065 3653 las
1077 3611 1114 3651 ost
1124 3600 1246 3649 vindicare
1257 3599 1336 3648 locum
1350 3612 1366 3646 s
1379 3596 1530 3661 oorrupuooe

1030 3684 1055 3725 et
1062 3684 1157 3742 ροειωιι
1165 3675 1196 3723 ab
1202 3671 1329 3724 οιοὶιιιιιὶι
1334 3672 1449 3737 qusdm.
1459 3671 1531 3720 Forte

1029 3748 1119 3798 Medea
1127 3763 1172 3797 uon
1183 3746 1297 3813 perlecta,
1303 3746 1389 3796 saltem
1399 3758 1530 3809 uumqusrn

1027 3819 1052 3870 in
1073 3821 1168 3871 theatro
1185 3820 1274 3869 saltata
1294 3816 1348 3868 luit.
1381 3818 1436 3884 lpse
1457 3826 1531 3883 poets

1027 3894 1112 3943 Amor.
1125 3892 1162 3942 iii.
1182 3894 1204 3942 l.
1218 3893 1262 3941 67.
1280 3892 1311 3941 de
1331 3890 1470 3958 imperfecto
1484 3889 1530 3940 bos

1028 3968 1141 4035 opusculo
1155 3966 1266 4016 disserit:
1288 3966 1406 4031 Exiguum
1416 3968 1465 4015 uati
1474 3982 1529 4014 oon·

1028 4045 1089 4099 cedo,
1097 4042 1227 4107 Trogaedis,
1234 4042 1469 4103 tempure-semi
1477 4056 1530 4102 pro-

1026 4126 1138 4180 pmutur
1154 4131 1248 4173 mres,
1261 4115 1324 4164 Dum
1337 4123 1419 4173 soom
1436 4133 1452 4161 o
1465 4123 1530 4180 urg·

1026 4192 1141 4255 grandim
1161 4199 1247 4255 urgrrrs
1266 4205 1329 4252 opus,
1346 4187 1424 4237 ubis.
1445 4187 1530 4236 Burm.

1029 4263 1135 4328 Reliqua
1148 4272 1229 4312 sutem
1242 4262 1349 4313 earmina
1365 4276 1413 4311 nou
1427 4276 1456 4309 eo
1470 4276 1528 4309 ooo·

1028 4338 1081 4387 silio
1091 4338 1157 4393 lecit,
1169 4347 1196 4387 ul
1208 4337 1233 4386 io
1244 4336 1344 4387 theslris
1353 4335 1530 4387 exhiberentur.

1028 4411 1103 4477 Atqui
1115 4410 1234 4475 Medeam
1244 4410 1381 4476 ipssmsgis
1390 4424 1443 4459 esse
1453 4408 1529 4459 debs·

1026 4485 1069 4535 bal
1086 4485 1152 4534 lusus
1172 4485 1270 4551 ingenii,
1284 4501 1357 4551 quam
1375 4499 1429 4549 qun
1447 4483 1530 4550 polam

1027 4559 1167 4608 docereturl
1194 4558 1300 4609 Videam
1318 4558 1391 4624 igitur
1415 4574 1454 4608 mo
1471 4573 1530 4607 seu·

1026 4632 1106 4683 tiores.
1129 4633 1242 4683 Hrorss.
