3609 5967
429 787 499 853 EX
524 784 685 853 ΡΟΝΤΟ
711 774 1157 851 LIB.1V.EPIST.1X.
1252 782 1320 851 ⁵⁰⁰

225 944 228 951 ⁴
271 964 406 1049 Quoere
424 960 497 1035 loci
515 959 663 1046 faeiem,
685 942 937 1057 Scythicique
951 957 1192 1034 incommoda
1207 959 1315 1050 coeli3

321 1079 372 1153 Et
389 1102 504 1177 quam
521 1078 645 1152 vicino
662 1086 804 1151 terrear
820 1075 943 1161 hoste,
962 1098 1065 1170 roge.

271 1182 404 1271 Siutne
422 1196 497 1271 litae
515 1207 649 1271 tenues
667 1192 854 1292 serpentis
872 1191 960 1266 felle
978 1191 1139 1289 sagitte,
1224 1227 1227 1235 ¹

320 1312 407 1386 Fiat
423 1335 472 1386 nn
489 1312 696 1387 humanum
710 1309 865 1384 victima
881 1307 965 1383 dira
980 1317 1110 1406 ceput.
1203 1356 1207 1365 -

270 1426 448 1515 Mentiar,
467 1452 516 1503 an
532 1439 644 1503 coeat
659 1427 816 1501 duratus
834 1424 972 1521 frigore
989 1424 1152 1512 Pontus,
1272 1428 1320 1499 85

321 1542 373 1619 Et
388 1555 517 1620 teneat
534 1544 674 1641 glacies
687 1546 825 1642 jugera
841 1543 962 1617 multa
977 1540 1074 1616 freti.

270 1658 365 1734 Haec
383 1659 448 1735 ubi
466 1660 636 1747 narrarit,
656 1682 742 1757 quae
761 1657 811 1733 sit
827 1682 914 1734 mea
930 1656 1042 1745 fama,
1061 1656 1233 1755 require;

319 1774 482 1874 Quoque
502 1776 612 1850 modo
630 1796 811 1875 peragam
828 1784 1001 1872 tempora
1016 1773 1124 1859 dura,
1142 1796 1246 1870 roge.

272 1891 354 1967 Nee
372 1917 504 1969 sumus
521 1892 583 1965 hic
601 1891 701 1975 odio,
721 1912 791 1964 nec
810 1888 958 1965 scilieet
974 1912 1061 1963 esse
1078 1912 1278 1975 meremur,

321 2006 405 2083 Nec
423 2031 510 2081 eum
528 2006 678 2081 fortuna
694 2030 802 2081 mens
819 2028 975 2105 quoque
992 2029 1101 2081 versa
1118 2028 1204 2081 men
1220 2015 1293 2081 est.

271 2123 343 2198 Illa
360 2123 469 2222 quies
488 2122 627 2211 animo,
646 2148 761 2222 quam
781 2133 823 2197 tu
840 2123 996 2200 laudare
1013 2122 1176 2209 solebas,
1270 2126 1317 2197 91

321 2240 391 2313 Ille
408 2249 517 2314 vetus
535 2240 647 2314 solito
665 2248 810 2338 perstet
827 2237 864 2311 in
882 2261 948 2312 ore
965 2237 1098 2336 pudor.
1136 2323 1139 2334 Ι
1372 2232 1392 2249 “

273 2357 337 2431 Sic
356 2382 427 2454 ego
446 2381 531 2431 sum
545 2358 672 2453 louge,
689 2356 743 2430 sie
760 2356 835 2441 hie,
855 2354 920 2428 ubi
938 2353 1120 2429 barbarus
1137 2353 1269 2440 hostis,

322 2472 379 2547 Ut
396 2472 475 2547 fera
491 2472 578 2572 plus
594 2473 745 2546 valeant
762 2470 911 2568 legibus
928 2492 1045 2555 arma,
1064 2467 1175 2557 fecit3

271 2590 381 2677 Rem,
393 2600 510 2687 queat
526 2599 568 2662 ut
585 2588 728 2662 nullam
740 2596 798 2661 tot
806 2588 899 2685 jam,
916 2583 1104 2671 Graeeiue,
1116 2608 1183 2683 per
1197 2608 1316 2660 annos

322 2704 480 2779 Femina
495 2705 544 2780 de
562 2704 684 2791 nobis,
701 2702 817 2791 virve,
836 2727 975 2803 puerve
994 2701 1114 2801 queri.
1228 2694 1235 2701 ⁹
1271 2706 1320 2777 96

272 2818 356 2895 Hoc
374 2821 476 2909 facit,
496 2830 539 2894 ut
556 2821 693 2895 misero
711 2818 861 2895 faveant
878 2819 1082 2918 adsintque
1099 2817 1279 2908 Tomitae3

295 2947 298 2955 “
322 2935 418 3011 Haec
436 2937 615 3035 quoniam
633 2937 746 3013 tellus
762 2937 1005 3014 testificanda
1019 2935 1112 3009 mihi
1129 2947 1200 3011 est.

273 3052 335 3125 llli
352 3076 426 3139 me,
447 3052 538 3150 quia
553 3054 650 3127 velle
667 3052 807 3141 vident,
826 3052 1023 3128 discedere
1038 3052 1206 3127 malunt:

321 3154 518 3266 Respedtu
536 3169 694 3267 cupiunt
711 3168 772 3242 hie
787 3180 915 3243 tamen
932 3192 1018 3243 esse
1035 3169 1107 3243 sui.
1252 3174 1323 3244 100

273 3284 468 3360 Neemihi
485 3285 713 3363 credideris:
736 3294 891 3361 exstant
908 3286 1076 3373 decretu,
1095 3284 1235 3383 quibus
1253 3312 1321 3363 nos

323 3400 483 3489 Laudat,
503 3411 544 3475 et
561 3402 747 3477 immunes
766 3402 919 3502 publica
936 3427 1024 3478 cere
1039 3402 1143 3477 facit.

303 3616 343 3665 el.
355 3614 411 3664 Fur
425 3633 457 3665 un
471 3617 597 3665 lernam
612 3617 705 3665 uictima
719 3620 773 3667 dira
822 3616 964 3667 discedendi
979 3618 1011 3667 eb
1026 3616 1061 3667 eis
1076 3616 1102 3667 iu
1113 3617 1224 3683 patriam,
1233 3619 1324 3669 vellent

270 3688 360 3753 capus]
377 3690 466 3747 Quare
480 3688 553 3739 etiam
566 3706 598 3739 eu
611 3688 717 3740 homines
734 3706 773 3741 se·
823 3700 850 3740 ut
860 3690 1018 3741 discederem.
1045 3691 1249 3749 &dumus

271 3762 549 3828 crificentnrnScytbis:
562 3778 663 3830 quorum
672 3779 771 3815 consue·
858 3765 914 3814 100.
934 3765 1047 3827 namu
1066 3764 1123 3828 ud]
1146 3765 1259 3827 Ηαμιω
1283 3783 1324 3815 ruo

270 3837 328 3887 tudo
346 3844 397 3887 eret
414 3835 521 3903 hospites
537 3837 669 3896 immolare,
679 3848 706 3887 ut
720 3838 771 3888 dic·
823 3838 921 3896 Moreu',
933 3839 1010 3889 Servii
1026 3848 1053 3888 et
1067 3838 1135 3905 prim.
1146 3839 1206 3889 edit.
1234 3840 1326 3889 Habita

200 3950 202 3955 .
271 3919 323 3961 tum
334 3918 379 3961 est.
822 3913 914 3963 ratione
928 3912 1324 3979 immurmurantium

304 3987 346 4035 91.
373 3985 421 4035 Illa
447 3988 508 4049 quies
539 3984 636 4049 unm]
672 3986 771 4037 Molles·
823 4003 905 4038 eausa.

207 4075 226 4121 ,⁸
272 4058 315 4109 tiu.
657 4072 661 4081 ’
858 4063 913 4111 101.
935 4062 1034 4111 Erulum
1058 4061 1173 4126 dmm]
1201 4059 1325 4127 Appennt

304 4135 345 4183 9³.
356 4133 393 4183 Sic
403 4150 501 4200 agotum
513 4133 599 4198 longe]
619 4133 709 4185 Versus
719 4148 772 4183 sus·
823 4137 958 4187 unctiones
965 4137 1111 4187 Tomiterum
1120 4136 1150 4187 de
1159 4152 1208 4187 me.
1230 4136 1324 4187 laudnt

271 4215 365 4273 pectus.
383 4208 473 4259 Herus.
510 4208 682 4257 vulsarum·
699 4210 774 4257 luris.
823 4228 873 4262 πω.
891 4211 1108 4262 hadumarus
1119 4212 1301 4260 virtututum.

272 4283 372 4333 Hostem
390 4284 506 4351 intellige,
516 4299 563 4332 non
576 4283 721 4341 Tomitanus,
731 4284 774 4333 sed
859 4287 913 4335 102.
930 4286 963 4334 Er
975 4288 1086 4334 inunum
1093 4284 1181 4350 suein]
1196 4282 1264 4333 Facit
1281 4299 1323 4333 ex·

272 4360 355 4415 Getas,
365 4374 381 4408 α
391 4358 478 4424 quibus
487 4356 607 4408 Toniuni
623 4358 724 4408 subinde
738 4358 775 4406 iu·
824 4368 917 4425 empto·
927 4358 992 4408 omni
1004 4375 1078 4408 unere
1092 4356 1198 4407 civitatis
1210 4365 1235 4406 et
1246 4356 1323 4406 tribu-

273 4432 431 4482 testabantur.
457 4434 554 4482 Mrcru.
825 4444 911 4483 rorum.
946 4434 1043 4481 Publica
1059 4450 1120 4481 cera.
1144 4430 1248 4480 Decreta
1264 4432 1326 4496 pub-

305 4506 348 4555 99.
363 4507 406 4555 llll
421 4523 463 4563 me,
474 4510 529 4570 quia
542 4508 601 4554 uelle
615 4506 715 4569 uident]
735 4504 775 4555 Illi
824 4508 873 4557 lien
889 4507 1017 4573 scripulu
1033 4507 1122 4556 tabulis
1138 4504 1231 4562 ceratis,
1242 4506 1280 4555 vel
1293 4507 1325 4556 si·

271 4578 381 4639 Tomitae,
391 4579 434 4645 qui
445 4579 529 4630 vident
541 4578 685 4629 desiderium
696 4596 775 4629 meum
825 4580 910 4645 gillaln
921 4580 999 4645 rigillo
1009 4580 1146 4647 reipublice
1156 4578 1298 4629 Tomitana.
