3609 5967
494 768 564 835 494·
798 770 838 837 P.
862 758 1026 841 ovum
1051 771 1267 843 NASONIS

497 940 597 1017 Nam
615 944 719 1043 prius
738 945 916 1019 umbrosa
931 946 1114 1023 carituros
1132 950 1265 1026 arbore
1282 965 1448 1042 montes,

545 1058 597 1134 Et
613 1060 710 1137 sreta
725 1062 902 1137 velivolas
920 1086 996 1137 non
1012 1063 1190 1139 habitura
1206 1078 1319 1157 rates,

397 1274 400 1279 ἡ
495 1173 743 1275 Fluminaque
761 1177 800 1251 in
817 1178 940 1254 sontes
957 1188 1070 1255 cursu
1086 1180 1256 1257 reditura
1271 1187 1421 1285 supino,

545 1290 679 1366 Gratia
695 1316 810 1389 quam
828 1294 952 1369 meriti
970 1295 1092 1395 possit
1108 1297 1212 1372 abire
1229 1301 1298 1374 tui.

494 1404 588 1481 Haec
607 1408 672 1482 ubi
690 1410 876 1498 dixeritis,
896 1422 1022 1489 servet
1037 1436 1109 1487 sua
1124 1413 1238 1504 dona,
1255 1428 1408 1515 rogate:
1492 1426 1546 1496 45

543 1524 607 1599 Sic
625 1524 737 1601 fuerit
753 1538 889 1603 vestrae
906 1552 1023 1607 causa
1038 1540 1195 1629 peracta
1209 1532 1293 1606 viae.

793 2002 1124 2081 EPISTOLA
1162 2006 1238 2083 VI.

925 2189 1101 2257 BRUTO.

488 2348 620 2437 Quum
640 2349 748 2447 legis,
769 2372 817 2425 ex
836 2350 910 2424 illis
927 2350 997 2426 tibi
1014 2350 1119 2425 venit
1137 2350 1322 2452 Epistola,
1343 2354 1473 2443 Brute,

537 2465 732 2541 Nasonem
751 2466 871 2559 nplles
889 2466 929 2539 in
946 2468 1087 2564 quibus
1103 2491 1201 2556 csse,
1220 2469 1329 2545 locis.

487 2582 578 2669 Sed,
598 2592 639 2657 tu
658 2582 762 2681 quod
780 2582 914 2670 nolles,
932 2582 1052 2657 voluit
1068 2583 1283 2659 miserabile
1299 2584 1442 2661 latum:

527 2696 624 2785 ‚Heu
643 2699 746 2786 mihi,
762 2699 848 2798 plus
866 2697 974 2787 illud,
993 2720 1110 2797 quam
1127 2711 1193 2773 tua
1205 2711 1304 2788 vota,
1322 2702 1443 2777 valet!

485 2813 531 2887 In
550 2813 711 2913 Scythia
727 2812 836 2887 nobis
854 2813 1111 2913 quinquennis
1130 2814 1332 2915 Olympias
1350 2829 1438 2892 acta
1452 2829 1537 2894 est:

534 2929 557 3004 J
561 2954 621 3005 am
639 2941 790 3031 tempus
806 2930 917 3004 lustri
935 2930 1071 3005 transit
1086 2930 1126 3003 in
1143 2931 1314 3006 alterius.
1510 2938 1535 3008 6

483 3046 637 3121 Perstat
653 3047 754 3121 enim
771 3046 920 3123 fortuna
937 3057 1065 3134 tenax,
1083 3047 1260 3146 votisque
1276 3048 1484 3147 malignum

534 3163 705 3263 Oppcnit
721 3162 859 3239 nostris
877 3162 1059 3238 insidiosa
1074 3164 1225 3263 pedem.

483 3279 623 3355 Certus
642 3303 725 3354 eras
744 3304 904 3379 prome,
925 3278 1051 3353 Fabiae
1069 3280 1164 3367 laus,
1180 3279 1362 3368 Maxime,
1381 3282 1520 3379 gentis,

532 3396 685 3471 Numen
703 3396 751 3471 ad
769 3397 989 3495 Augustum
1006 3396 1178 3495 supplice
1192 3422 1284 3471 voce
1301 3398 1420 3495 loqui.
1485 3404 1540 3471 10.

480 3511 636 3587 Occidis
660 3523 749 3589 ante
783 3538 918 3613 preces
930 3541 943 3606 3,
968 3536 1200 3610 causamque
1230 3536 1315 3610 ego,
1344 3512 1529 3601 Maxime,

531 3629 568 3703 N
572 3654 615 3706 ec
633 3630 778 3706 fueram
795 3632 905 3721 tanti,
922 3656 985 3705 me
1002 3653 1086 3706 reor
1102 3652 1186 3704 csse
1204 3640 1293 3703 tuoe.
1369 3631 1531 3727 [mortis,

510 3814 551 3861 rr.
569 3814 889 3881 ulammaus]
908 3817 977 3875 use,
1026 3779 1530 3881 usuquaaunsrcrympmlpuu-

477 3885 565 3951 quibus
580 3902 649 3951 posse
666 3904 715 3938 rem
726 3890 777 3939 fieri
791 3891 883 3957 poetice
894 3899 976 3957 negat,
1026 3895 1074 3944 tur,
1085 3886 1273 3951 quinquennale.
1346 3895 1351 3906 ·

476 3959 578 4009 libentur
592 3962 710 4013 cculeram
723 3964 754 4012 cd
764 3964 850 4029 Virgil.
862 3965 947 4031 Eclcg.
959 3967 977 4015 i.
1057 3962 1083 4010 6.
1093 3960 1148 4010 Im
1156 3962 1262 4025 meda]
1273 3963 1289 4012 J
1291 3978 1332 4011 m
1337 3962 1529 4029 Olympimdte·

476 4034 516 4083 60.
527 4049 587 4099 rqq3
602 4050 626 4083 v.
635 4036 674 4084 76.
685 4038 817 4101 sqq;AEu.
829 4037 845 4086 i.
856 4038 913 4089 607.
923 4055 977 4105 sqq.
1027 4034 1161 4101 reincipit.
1194 4035 1225 4085 ln
1241 4038 1531 4099 amputaturum

509 4108 550 4159 46.
567 4109 645 4158 Servat
657 4126 699 4159 ura
715 4110 797 4174 dona]
815 4112 849 4161 Ut
862 4122 941 4162 servet
953 4123 979 4164 et
1027 4110 1058 4159 Iu
1068 4119 1162 4175 tempu·
1171 4109 1270 4161 ulterius
1279 4110 1446 4176 quinquennii.

475 4180 721 4249 reducatinpun'am
730 4200 768 4233 rue
780 4184 979 4244 Ouidiummau·
1060 4186 1084 4233 8.
1103 4183 1224 4248 oppone-J
1243 4185 1529 4238 famulamin-

476 4256 565 4323 eipium
581 4274 659 4316 suum,
670 4259 708 4309 vel
724 4269 796 4324 quarn
812 4260 835 4309 ci
846 4259 920 4311 vitam
934 4278 974 4311 ac-
1024 4258 1127 4308 sidiaute
1138 4269 1217 4309 sumta
1225 4270 1271 4317 est,
1282 4260 1325 4326 qui
1335 4260 1436 4310 alterum
1445 4274 1527 4309 secum

476 4340 571 4397 ceptam
592 4334 676 4391 resero,
697 4350 835 4384 conservare
859 4350 888 4385 sc
913 4336 975 4386 tueri
1025 4340 1155 4384 certulam
1165 4333 1319 4399 supplantare
1327 4333 1416 4383 studet
1442 4335 1529 4382 Ham.

475 4408 975 4477 pergar‚ac·ui·meofficiiscomplsetine
1058 4407 1099 4454 ll·
1121 4407 1212 4456 Occidis
1228 4417 1285 4456 am
1302 4408 1401 4471 mm]
1426 4406 1529 4456 Mureti·

472 4478 581 4530 desistat.
802 4478 809 4489 ⁸
1025 4487 1154 4544 antequam
1168 4496 1211 4545 pro
1227 4496 1266 4529 rue
1285 4481 1417 4547 prectreris
1430 4482 1527 4545 Augu·-

1025 4560 1084 4600 tum.
1117 4553 1274 4603 Cammtroe
1286 4558 1373 4604 mortis.
1388 4554 1528 4609 ,Nasonem

508 4618 531 4665 6.
549 4617 666 4681 Olympias
680 4622 852 4687 quinquennia]
871 4624 975 4691 Tempu·
1024 4624 1088 4675 euim
1114 4628 1187 4679 unice
1212 4629 1310 4679 amabat
1335 4632 1473 4681 Maximum
1500 4640 1528 4679 et
