3609 5967
468 778 539 847 nx
562 777 725 845 rorrro
749 746 845 845 cia.
870 778 900 845 1.
924 778 1072 846 nprs‘r.
1097 782 1147 848 x.
1256 784 1323 849 asa

272 950 425 1048 longus
439 951 544 1028 enim
559 953 661 1027 curis
677 951 849 1027 vitiatum
866 976 1005 1053 corpus
1022 955 1160 1029 amaris

323 1065 412 1142 Non
429 1068 572 1168 patitur
587 1069 686 1143 vires
702 1069 862 1165 languor
878 1069 1019 1144 habere
1036 1094 1138 1147 suas.

273 1182 356 1258 Nec
370 1184 476 1260 dolor
488 1186 588 1262 ullus
602 1186 725 1273 adest,
739 1208 811 1260 nec
825 1183 996 1260 febribus
1009 1210 1095 1261 uror
1109 1187 1273 1279 anhelis3
1297 1193 1321 1263 5

321 1297 373 1374 Et
391 1302 539 1401 peragit
556 1302 657 1377 soliti
673 1326 771 1378 vena
787 1292 928 1376 tenoris
947 1302 1038 1377 iter:

271 1412 328 1487 Os
344 1414 465 1492 hebes
482 1429 554 1507 est,
573 1418 786 1520 positaeque
803 1427 956 1494 movent
969 1417 1122 1493 fastidia
1138 1442 1292 1506 mensae,

321 1528 374 1605 Et
390 1556 539 1631 queror,
558 1533 667 1608 invisi
685 1558 805 1632 quum
821 1534 926 1608 venit
942 1534 1034 1609 hora
1050 1534 1138 1609 cibi.

270 1643 384 1730 Quod
401 1672 518 1737 mare,
536 1649 640 1747 quod
655 1650 779 1737 tellus,
794 1650 958 1748 adpone,
974 1652 1076 1749 qnod
1091 1650 1230 1725 educat
1244 1674 1318 1741 aer,

321 1762 388 1836 Nil
402 1765 467 1854 ibi,
487 1767 590 1864 quod
607 1766 716 1840 nobis
734 1767 932 1854 esuriatur,
951 1767 1035 1842 erit.
1275 1773 1321 1842 lO

159 1966 163 1973 Ι
270 1875 414 1954 Nectar
429 1891 470 1955 et
486 1882 725 1969 ambrosiam,
745 1882 878 1956 latices
896 1882 1308 1982 epulasque-Deorum,

320 1993 399 2071 Det
414 1995 506 2071 mihi
518 1996 687 2072 formosa
702 2022 799 2073 nava
814 1997 838 2071 J
840 2008 982 2073 uventa
997 2022 1133 2073 manu:

270 2107 358 2183 Non
375 2121 510 2209 tamen,
520 2123 683 2189 exacuet
699 2124 852 2213 torpens
871 2138 984 2213 sapor
1000 2114 1065 2187 ille
1083 2114 1254 2212 palatum
1268 2144 1277 2205 ;

320 2226 448 2303 Stabit
465 2230 561 2304 etin
578 2232 777 2304 stomacho
794 2231 944 2329 pondus
961 2229 1081 2305 inerte
1099 2228 1176 2304 diu.
1348 2324 1351 2331 ‚

270 2339 363 2416 Haec
381 2368 452 2441 ego
470 2369 544 2418 non
563 2344 696 2431 ausim,
715 2368 835 2442 quum
852 2346 930 2418 sint
945 2343 1152 2433 verissima,
1171 2344 1289 2419 cuivis

320 2458 507 2547 Scribere,
527 2459 684 2534 delicias
701 2482 749 2533 ne
767 2461 869 2533 mala
886 2469 1016 2532 nostra
1031 2470 1180 2533 vocent.
1272 2464 1317 2534 16

270 2572 427 2648 Scilicet
441 2575 474 2647 is
491 2584 614 2649 status
631 2583 702 2661 est,
719 2553 768 2649 'ea
785 2597 910 2649 rerum
927 2573 1048 2647 formo
1064 2598 1246 2661 mearum,

320 2688 477 2764 Deliciis
496 2690 610 2765 etiam
628 2690 750 2788 possit
766 2700 809 2763 ut
826 2712 911 2763 esse
929 2690 1048 2764 locus.

269 2803 437 2881 Delicias
454 2806 509 2879 illi
528 2829 661 2905 precor
677 2805 746 2879 has
764 2804 999 2902 contingere,
1019 2805 1051 2879 si
1070 2804 1170 2901 quis,

318 2918 379 2994 Ne
397 2921 489 2995 mihi
507 2919 871 2995 sitleviorOaesaris
889 2920 956 3007 ira,
974 2921 1096 2995 timet.
1267 2926 1318 2995 20

299 3199 766 3267 ³.loug=u.]Qum0b10mnluoe02.
814 3208 929 3268 por-gipso
938 3218 1029 3269 gnavus
1043 3204 1145 3251 obcurrit
1160 3200 1260 3259 Meton
1277 3200 1319 3251 ubi
1368 3258 1374 3269 .

266 3283 319 3324 reat
327 3276 441 3325 ostendit.
604 3323 607 3339 ,
818 3277 956 3327 veterrimus
974 3275 1101 3325 Medicens
1119 3290 1199 3332 mons,
1217 3274 1263 3323 hoc
1282 3284 1319 3324 est

298 3352 323 3399 6.
338 3350 455 3415 Arbela]
473 3352 534 3411 Qun
551 3368 637 3419 corpus
654 3353 766 3404 anhelum
816 3368 899 3401 mous.
907 3352 1000 3399 Hnrrrr.
1012 3348 1125 3399 ducenta.
1132 3348 1202 3399 Grati
1209 3346 1318 3397 ministri.

267 3415 366 3473 tatium
816 3424 1040 3489 ImmoHabe,qnn
1049 3422 1316 3473 LatinisJuocatadici·

298 3500 415 3563 Arbela]
443 3502 505 3560 Qun
527 3502 558 3551 oh
582 3510 667 3552 ortum
689 3512 714 3552 et
733 3504 766 3553 ri-
816 3498 975 3562 turtfingrmt
986 3505 1067 3546 sutem
1077 3503 1152 3561 poete
1163 3495 1250 3545 Heben
1261 3494 1316 3544 Diis

266 3571 309 3620 tim
327 3571 505 3638 respirationem
525 3576 630 3632 brevem,
645 3575 766 3627 difficilem
817 3570 952 3621 ministrare
976 3569 1071 3636 pocula.
1111 3567 1218 3618 formam
1238 3586 1318 3619 mann.

266 3654 291 3695 ct
301 3646 402 3696 celerem
413 3648 527 3698 efficiunt.
560 3650 675 3701 Hennes.
815 3644 927 3695 Candida
936 3654 961 3693 et
971 3644 1071 3710 pulchra
1081 3657 1162 3691 mann.
1195 3642 1267 3691 Mna.
1345 3664 1346 3669 ¹

298 3719 323 3768 6.
341 3720 424 3786 Vena]
449 3723 510 3782 Qun
526 3723 589 3773 ultra
607 3724 705 3774 modum
722 3725 766 3773 mi-
849 3721 890 3770 1⁴.
909 3720 1004 3768 Pondus
1023 3716 1117 3779 incrta]
1142 3715 1217 3767 Cibus
1237 3718 1317 3781 gravis

266 3802 356 3843 career
365 3794 436 3844 salire
446 3796 506 3845 solet
516 3795 713 3849 febricitantibus.
814 3794 948 3845 ctcrndns.
974 3794 1047 3841 Mirr.
1071 3792 1109 3840 Tu
1125 3787 1250 3841 constris:
1265 3800 1315 3841 rta-

299 3868 324 3915 7.
350 3868 380 3917 Or
396 3870 459 3919 lobes
478 3880 518 3928 ert,
536 3874 657 3935 positaque
677 3883 767 3922 movent
814 3870 851 3918 bit
868 3877 892 3918 ct
909 3868 977 3918 cibus
995 3867 1019 3917 in
1036 3864 1158 3916 stomacho
1176 3865 1272 3927 inerte3
1290 3873 1317 3915 ut

258 3942 362 4007 fastidia
371 3944 472 4008 mm]
491 3945 526 3994 Os
534 3951 571 3993 est
580 3945 675 3994 tardum
685 3956 710 3996 et
720 3948 765 3995 im·
814 3942 846 3991 sit
864 3943 949 4001 inerte,
971 3956 1014 4007 pro
1033 3940 1111 3997 inerti,
1128 3938 1232 3989 ablativo
1258 3955 1316 3989 casu

265 4016 573 4082 potensadeonficiendum
588 4018 683 4082 cibum3
699 4022 766 4071 nulla
815 4016 921 4066 dictum:
946 4020 1007 4065 iners
1027 4023 1063 4064 est
1084 4023 1165 4063 antem
1181 4016 1316 4072 ammius,

152 4136 158 4143 .
265 4089 313 4140 cibi
324 4091 461 4159 adpetemia
470 4101 588 4143 movetur.
815 4090 912 4155 quando
927 4105 997 4139 suum
1007 4086 1112 4138 officium
1127 4103 1174 4137 non
1190 4086 1258 4145 lacit,
1270 4086 1315 4137 hoc

300 4167 338 4215 ll.
349 4166 570 4233 htbcsaepclarqsc
578 4168 700 4231 Domum]
716 4167 764 4217 Hic
815 4173 860 4222 est,
871 4181 918 4214 non
929 4163 1055 4229 concoquit
1065 4178 1094 4211 nc
1105 4161 1199 4226 digerit.

265 4239 377 4305 exprimit
387 4241 446 4306 qnid
460 4238 492 4290 sit
505 4249 587 4291 nectar
597 4249 623 4291 et
632 4241 749 4290 ambrosia
756 4260 765 4303 5
849 4241 889 4288 16.
913 4237 1038 4301 Deliciae]
1058 4236 1113 4285 hl.
1132 4234 1255 4283 fastidium
1273 4232 1316 4284 ho·

265 4312 318 4362 hnc
328 4314 405 4373 cibus,
416 4314 478 4365 illud
488 4324 559 4381 potus
569 4316 684 4365 Deorum.
773 4362 776 4369 ,
814 4310 1000 4363 minisdelicsti.
1035 4310 1148 4359 Hranss.

301 4389 339 4437 la
357 4388 440 4437 Gnoso
449 4390 572 4455 Inventa]
591 4391 764 4455 Argentares
849 4388 886 4436 17.
904 4388 995 4437 Scilicet
1013 4388 1032 4432 ir
1051 4392 1124 4433 rtctroe
1141 4381 1194 4444 cst]
1221 4379 1314 4430 Ironice

266 4460 370 4511 Iuventa
378 4480 386 4520 ;
403 4471 483 4511 recte:
501 4464 537 4512 ita
550 4464 614 4513 enim
629 4463 765 4513 scribebant
815 4460 860 4509 hoc
875 4460 968 4510 dictum
985 4467 1030 4515 est,
1047 4474 1076 4507 ex
1096 4472 1143 4521 quo
1161 4454 1272 4518 designat
1289 4471 1315 4504 re

265 4534 625 4599 ntpnsriminveterrimocod
652 4536 704 4586 Silii
714 4536 764 4585 Ita·
814 4550 864 4601 pre
881 4534 954 4584 nimio
974 4532 1056 4584 dolore
1071 4546 1118 4581 non
1137 4544 1206 4596 posse
1222 4528 1315 4579 deliciis

265 4606 315 4658 lici.
339 4610 431 4659 Seneca
441 4608 545 4661 Hercule
555 4611 640 4659 OEtaeo.
666 4610 763 4660 Intem·
815 4623 908 4657 vacare.
