3609 5967
471 768 535 845 191⁴

761 777 801 843 P.
825 772 988 841 OVIDII
1012 758 1226 837 NASONIS

471 953 547 1029 Per
565 953 732 1050 Superos
750 933 875 1048 igitur,
887 950 954 1046 qui
968 948 1061 1021 dent
1074 944 1144 1020 tibi
1159 945 1287 1041 lenge,
1301 946 1525 1044 dabuntque

521 1068 720 1167 Tempora,
735 1068 949 1141 Romanum
961 1066 992 1137 si
1003 1063 1116 1137 mode
1127 1087 1265 1138 nomen
1277 1072 1422 1152 amant3
1453 1068 1523 1137 156

472 1185 549 1260 Per
565 1187 738 1284 petrium,
755 1208 841 1282 quae
859 1193 897 1257 te
916 1191 1001 1255 tuta
1017 1191 1056 1254 et
1073 1201 1207 1256 secura
1222 1190 1380 1277 parente
1398 1190 1478 1267 est;

524 1299 659 1398 Cujus,
677 1310 720 1373 ut
737 1301 775 1371 in
792 1297 948 1397 populo,
967 1318 1054 1395 pars
1072 1318 1144 1390 ego
1161 1320 1282 1393 nuper
1298 1320 1422 1385 erem3

468 1414 539 1489 Sic
557 1415 639 1502 tibi,
658 1438 773 1513 quem
791 1435 942 1509 semper
959 1411 1069 1485 sactis
1087 1396 1290 1509 animeque
1308 1411 1475 1497 mereris,

524 1530 722 1605 Reddatur
738 1538 855 1626 gratae
872 1521 1025 1600 debitus
1044 1526 1147 1599 urbis
1162 1549 1279 1600 amor.

1452 1531 1524 1600 160

419 1632 428 1642 ¹
474 1644 579 1721 Livia
594 1647 649 1721 sic
667 1656 794 1720 tecum
812 1643 973 1718 sociales
991 1643 1182 1741 compleat
1198 1666 1329 1729 annes,

522 1761 631 1850 Quae,
650 1760 721 1866 nisi
740 1772 792 1848 te,
811 1760 916 1833 nullo
933 1760 1095 1856 conjuge
1114 1758 1230 1855 digna
1245 1757 1337 1833 fuit:

472 1877 569 1963 Quae
586 1877 619 1952 si
637 1902 712 1951 uon
729 1887 843 1963 esset,
862 1877 1003 1950 caelebs
1021 1875 1151 1950 terite
1167 1876 1340 1963 deceret3

522 1993 727 2092 Nullaque,
740 1992 804 2067 cui
821 2016 955 2091 posses
974 2016 1059 2067 esse
1077 1992 1245 2080 maritus,
1265 2002 1358 2065 eret.

473 2110 627 2208 Sospite
644 2111 699 2183 sio
716 2120 755 2183 te
773 2108 823 2183 sit
838 2118 951 2182 natus
970 2132 1125 2206 queque
1144 2132 1298 2207 sospes3
1327 2117 1366 2181 et
1382 2107 1471 2182 elim

522 2226 728 2325 Imperium
745 2235 852 2322 regat
866 2226 938 2299 hoc
957 2250 1044 2299 cum
1063 2224 1211 2299 seniore
1229 2247 1368 2298 senex:
1452 2229 1522 2299 166

473 2340 603 2442 thue
621 2343 676 2415 tui
694 2342 849 2428 faciunt,
868 2341 974 2414 sidus
988 2338 1169 2438 juvenile,
1189 2324 1360 2437 nepotes,

522 2458 598 2532 Per
616 2469 695 2562 tue,
711 2481 855 2557 perque
874 2456 932 2529 sui
951 2454 1052 2530 facta
1068 2455 1235 2554 parentis
1253 2465 1353 2528 eant.

472 2574 536 2648 Sic
554 2574 715 2648 adsueta
730 2574 805 2646 tuis
823 2595 975 2670 semper
991 2570 1148 2645 victorie
1164 2570 1311 2654 cestrie,

521 2690 633 2764 Nunc
651 2710 805 2788 queque
823 2711 864 2761 se
882 2697 1050 2786 praestet,
1065 2696 1233 2783 notaque
1251 2685 1360 2780 signa
1377 2674 1503 2783 petat,

469 2802 758 2903 Ausoniumque
775 2804 912 2877 ducem
931 2802 1051 2875 solitis
1069 2802 1314 2875 circumvolet
1330 2800 1412 2886 alis,
1450 2806 1515 2875 171

521 2922 646 2996 Ponat
663 2920 758 2995 etin
777 2919 899 2993 nitida
915 2918 1044 2992 laurea
1061 2928 1162 2991 serta
1179 2940 1309 2991 coma:
1352 3004 1355 3011 Ι

503 3140 558 3187 155.
576 3137 624 3191 eri
631 3140 688 3186 dent
699 3136 969 3201 rieienga,‹1alunrque‚

468 3210 490 3257 T
488 3212 599 3276 empore]
617 3211 707 3267 Scribe,
718 3210 757 3274 qui
769 3210 887 3267 murtei,
905 3207 968 3273 qued

468 3285 607 3350 superantis
617 3295 643 3334 et
651 3284 758 3334 verentis
769 3293 812 3332 est.

503 3360 557 3408 157.
576 3358 661 3421 Tute]
680 3359 762 3423 Aque
772 3357 808 3405 vis
819 3356 923 3405 hostium
934 3371 971 3405 re·

467 3434 537 3498 pulsu
548 3442 596 3493 αις
612 3432 701 3489 meere,
712 3449 766 3497 que
783 3431 870 3481 dehine
881 3447 929 3481 nen
940 3430 971 3479 ti·

467 3516 597 3557 metueres
607 3506 715 3556 incursus
724 3514 750 3554 et
757 3505 855 3555 hostiles
860 3506 971 3573 impetus.

467 3600 491 3631 r.
502 3582 585 3631 Burm.

502 3658 557 3707 161.
574 3656 643 3706 Liuia
653 3659 685 3706 rie
692 3657 787 3719 taum]
807 3656 899 3705 Livium
907 3656 970 3705 Dru·

466 3728 972 3797 sillsmdieit,quumrlugustus,repudistn

466 3804 598 3861 Scribonia,
609 3804 793 3853 duxituxerem.
826 3804 970 3852 Ememu-

468 3876 577 3926 tn'menie
594 3876 683 3926 Tiberii
701 3876 812 3934 Neronis,
828 3884 854 3925 et
873 3875 970 3942 quidem

467 3961 629 4016 praegnantem
655 3950 765 4008 abduxit,
786 3950 919 4015 dilexitque
946 3958 971 3999 et

467 4025 575 4089 probavit
592 4024 672 4080 unice,
691 4041 720 4074 se
737 4032 926 4090 perseveranter,
944 4032 971 4073 ut

466 4097 549 4148 scribit
557 4099 717 4165 'Tranquillum
749 4100 840 4148 Huius.

503 4173 557 4224 165.
576 4173 673 4236 Natus]
690 4188 714 4221 u.
729 4171 847 4228 liberius,
865 4173 895 4221 sb
917 4171 967 4220 Au·

467 4254 537 4310 gusto
547 4246 654 4313 privigne
664 4246 799 4312 adoptatus.
807 4262 830 4294 v.
837 4246 903 4295 Suet.
914 4245 968 4295 Tib.

466 4336 488 4369 c.
502 4323 540 4371 15.
573 4322 687 4371 Hennes.

502 4396 556 4444 167.
573 4395 689 4460 Nepotes]
709 4393 803 4442 Drusus
815 4400 887 4455 utque
904 4390 966 4440 Ger·

467 4470 585 4527 muninus,
596 4470 638 4519 ille
649 4465 773 4523 naturalis,
783 4466 823 4515 hie
840 4463 968 4529 adoptivus

465 4540 555 4592 Tiberii
570 4543 635 4593 filius
650 4544 730 4609 (Suet.
745 4540 826 4590 Tiber.
842 4556 867 4589 e.
888 4540 926 4587 15.
943 4546 968 4589 et

465 4616 520 4679 52.)
535 4616 657 4669 imitentur
675 4618 740 4667 lacta
754 4615 862 4680 ,Augusti
882 4612 968 4679 suique

1019 3132 1132 3199 parentis,
1153 3132 1251 3191 Tiberii,
1272 3130 1308 3181 uti
1330 3131 1402 3181 etiam
1423 3131 1522 3182 fuciunt.

1019 3208 1133 3257 Hennes.

1053 3284 1109 3332 169.
1126 3282 1164 3330 Sie
1171 3284 1267 3331 Munere
1278 3283 1323 3330 tuis
1333 3296 1417 3341 suuper
1426 3282 1522 3330 uictoris

1019 3356 1120 3420 cestrie]
1149 3354 1259 3418 Victoris
1284 3356 1339 3404 Dee
1366 3354 1420 3411 luit,
1448 3371 1521 3421 qusm

1019 3430 1145 3497 Apuleius,
1155 3428 1197 3479 lib.
1213 3429 1239 3478 ii.
1257 3428 1418 3496 Metamorph.
1433 3432 1521 3492 palm-

1020 3520 1067 3553 rsm
1078 3505 1152 3553 Deum
1162 3503 1274 3570 appellat.

1057 3580 1111 3627 171.
1130 3580 1301 3641 Ausoniumque
1321 3576 1423 3640 desem]
1448 3575 1520 3625 'libe-

1021 3652 1080 3702 rium
1097 3652 1217 3717 designst,
1232 3651 1283 3717 qui,
1299 3650 1414 3701 nunciate
1430 3648 1521 3714 lllyrici

1020 3726 1385 3784 delectione,trensiitadcurum
1393 3724 1447 3774 nevi
1455 3724 1522 3781 belli,

1021 3801 1085 3869 qued
1102 3800 1266 3866 gravissimum
1283 3798 1389 3863 omniurn
1406 3799 1520 3849 bellorum

1021 3884 1074 3941 pest
1087 3876 1188 3933 Punice,
1200 3891 1241 3941 per
1256 3873 1393 3939 quindecim
1406 3872 1520 3937 legiones,

1020 3964 1150 4015 paremque
1161 3948 1302 3998 auxiliemm
1313 3948 1407 4013 copiam
1420 3945 1521 3996 triennio

1019 4022 1107 4088 gessit:
1135 4040 1184 4088 que
1200 4022 1313 4089 temperis
1333 4021 1411 4089 spatie
1429 4020 1522 4071 domuit

1019 4106 1094 4146 tetum
1111 4097 1248 4163 Illyricum:
1265 4113 1325 4162 ques
1338 4098 1369 4146 eb
1386 4112 1423 4145 res
1438 4095 1522 4144 tuem-

1018 4169 1080 4236 phus
1096 4170 1119 4220 ei
1135 4171 1246 4221 decretus
1266 4180 1311 4227 est,
1330 4185 1400 4235 quem
1418 4168 1522 4227 distulit,

1018 4254 1104 4294 moesta
1124 4244 1222 4295 civitate
1243 4244 1312 4295 clude
1329 4242 1441 4293 Veritus.
1475 4243 1521 4292 Ni-

1018 4316 1146 4368 hilominus
1154 4320 1234 4367 urbem
1242 4326 1401 4384 pretextstus,
1408 4326 1433 4367 et
1440 4317 1523 4369 lueres

1017 4392 1256 4441 cerouutusintrarit.
1289 4392 1361 4441 Potes
1369 4392 1440 4440 etism
1449 4390 1521 4440 iutel-

1017 4463 1091 4529 ligere
1102 4466 1180 4531 (qued
1197 4465 1274 4530 magis
1289 4465 1383 4531 plaeet)
1395 4464 1520 4514 Germani-

1017 4551 1070 4585 cum
1085 4538 1270 4605 expeditionem,
1280 4554 1354 4604 quem
1368 4540 1471 4595 Drusus,
1481 4538 1518 4586 Ti-

1017 4612 1076 4663 berii
1088 4614 1160 4663 trater
1177 4623 1201 4663 et
1212 4613 1315 4677 Augusti
1326 4613 1460 4680 privignus,
1470 4628 1521 4661 sus-
