3609 5967
421 776 490 843 EX
515 774 676 841 PONTO
701 774 793 841 ΠΒ.
814 772 877 839 tv.
902 774 1051 841 EPIST.
1073 775 1143 842 111.
1244 778 1311 847 485

259 948 415 1024 Excitat
431 948 579 1023 auditor
596 946 785 1037 studium;
806 948 1037 1046 laudataque
1054 950 1173 1026 virtus
1258 956 1308 1027 36

309 1066 473 1152 Crescit,
491 1076 532 1141 et
548 1064 774 1139 immensum
792 1063 913 1163 gloria
928 1067 1053 1140 calcar
1070 1068 1199 1143 babet.

259 1181 333 1255 Hic
351 1206 437 1257 mea
449 1181 509 1255 cui
529 1181 697 1269 recitem,
712 1181 785 1255 nisi
803 1181 909 1256 flavis
927 1182 1070 1281 scripta
1089 1171 1264 1273 Corallis,

308 1298 490 1397 Quasque
508 1299 601 1373 alias
619 1307 753 1395 gentes
771 1300 954 1375 barbarus
973 1299 1073 1373 Ister
1090 1300 1230 1374 habeti

258 1414 335 1489 Sed
354 1415 447 1511 quid
466 1415 570 1488 solus
589 1416 725 1510 agam?
753 1439 907 1513 quaque
924 1415 1091 1490 infelicia
1107 1417 1264 1515 perdam

288 1608 292 1615 ,
308 1530 399 1605 Otia
416 1531 586 1618 materia,
606 1531 892 1631 subripiamque
909 1533 1038 1607 diem?
1257 1538 1307 1605 40

257 1645 357 1720 Nam
372 1646 463 1746 quia
479 1670 551 1721 nec
564 1648 705 1735 vinum,
725 1672 796 1722 nec
813 1671 874 1723 me
893 1659 999 1724 tenet
1016 1650 1101 1724 alea
1117 1648 1246 1735 fallax,

308 1752 389 1837 Per*
402 1786 487 1862 quae
505 1763 604 1837 clam
622 1763 780 1837 tacitum
796 1774 949 1863 tempus
967 1764 1072 1840 abire
1090 1765 1187 1839 solet
1202 1792 1211 1852 ;

260 1878 342 1953 Nec
361 1902 433 1964 me,
450 1878 555 1977 quod
572 1902 767 1979 cuperem,¹
781 1878 813 1953 si
830 1902 899 1979 per
916 1879 996 1954 fera
1012 1881 1114 1955 bella
1131 1880 1273 1964 liceret,

189 2066 197 2075 ,
308 1994 488 2085 Oblectet
505 1994 609 2068 cultu
628 1996 727 2069 terra
743 2006 882 2070 novate
898 2020 990 2071 auo:

257 2109 371 2195 Quid,
391 2110 463 2183 nisi
481 2108 666 2197 Pierides„
686 2111 822 2185 solatia
840 2110 987 2208 frigida,
1006 2122 1138 2199 restat,
1257 2112 1306 2184 45

308 2225 395 2299 Non
414 2227 511 2300 bene
529 2226 577 2299 de
594 2225 705 2300 nobis
724 2250 810 2322 quae
829 2250 1000 2302 meruere
1019 2225 1139 2301 Deae?

256 2340 309 2413 At
325 2351 380 2427 tu,
400 2340 461 2415 eui
480 2339 621 2415 bibitur
638 2340 784 2413 felicius
802 2338 949 2415 Aonius
967 2341 1063 2427 fonS,

309 2454 462 2529 Utiliter
480 2455 646 2529 studium
666 2456 768 2553 quod
787 2455 855 2531 tibi
874 2456 989 2543 cedit,
1009 2479 1114 2529 ama:

258 2571 451 2669 Sacraque
464 2571 660 2645 Musarum
670 2571 805 2645 merito
816 2573 917 2661 cole;
931 2572 1111 2669 quodque
1120 2572 1305 2668 legamus,

307 2684 393 2761 Huc
413 2688 565 2785 aliquod
583 2713 683 2761 curae
700 2688 809 2763 mitte
828 2689 992 2765 recentis
1009 2713 1119 2789 opus.
1258 2694 1307 2762 50

597 3054 860 3130 EPISTOLA
890 3055 965 3130 ΙΙΙ.

520 3228 699 3307 ΑΜΙΟΟ
733 3237 1034 3305 INSTABILI.

256 3394 540 3483 Couounnnn,
556 3418 604 3467 an
617 3396 790 3469 taceant
808 3418 947 3493 ponam
964 3395 1047 3467 sine
1064 3394 1215 3468 nomine
1233 3395 1304 3467 cri·

304 3511 364 3583 An
380 3522 524 3597 notum,
540 3511 607 3608 qui
626 3512 691 3598 sis,
704 3511 881 3586 omnibus
894 3534 982 3587 esse
991 3511 1129 3586 velim?
1173 3510 1304 3606 [ment

253 3710 340 3765 ciebat,
349 3710 391 3759 sed
404 3718 486 3760 contre
499 3726 594 3760 murum
608 3719 633 3761 et
643 3676 752 3763 metrlrm.
803 3728 873 3770 coare,
894 3712 929 3761 ita
950 3684 977 3761 lt
998 3702 1050 3761 dies
1067 3711 1184 3762 elabetur.
1218 3710 1306 3761 Solatia

287 3784 328 3833 ³4.
350 3784 413 3832 ldem
433 3784 488 3849 ert]
515 3786 580 3834 otor
605 3786 673 3836 Leid.
694 3786 752 3835 edit.
795 3788 900 3853 frigido.
933 3787 973 3837 Ita
992 3803 1087 3852 quoque
1114 3785 1179 3851 apud
1200 3786 1306 3845 Grecos,

253 3856 447 3923 Grypb.Beram.
459 3856 542 3907 etalii.
803 3860 886 3927 ψυκρά
897 3860 990 3926 τέρψις.
1017 3859 1101 3926 Eurip.

286 3933 326 3981 37.
346 3931 400 3979 Not
419 3932 492 3997 fluuit
513 3931 636 3996 Corellia]
659 3932 752 3982 Coralli
836 3935 876 3983 46.
896 3935 953 3989 Qua
969 3952 1016 3984 non
1033 3936 1087 3982 bene
1101 3948 1204 3983 mmm
1220 3936 1248 3982 de
1262 3950 1303 3983 ne·
1374 3948 1379 3961 ¹

254 4004 334 4071 populi
361 4005 425 4055 suere
452 4004 477 4055 in
496 4022 539 4055 ora
558 4004 653 4055 Pontici
673 4005 753 4055 maris.
803 4008 857 4071 tin]
875 4009 937 4066 Quae
948 4007 1007 4057 mihi
1018 4016 1159 4057 nocuerunt.

255 4081 334 4128 Flauia
345 4079 382 4129 vel
398 4078 430 4128 ad
445 4095 547 4139 comem,
558 4088 585 4129 ut
599 4080 706 4139 ξανθοὺς
717 4080 753 4130 in·
836 4082 876 4131 48.
887 4080 1019 4144 Suadam]
1034 4079 1146 4131 Studium
1155 4080 1256 4148 poetice
1267 4096 1305 4131 er-

253 4154 345 4219 telligat
360 4169 421 4211 esee,
431 4162 457 4203 et
472 4170 514 4220 per
528 4154 583 4212 hoc,
593 4154 698 4205 feroees:
714 4155 753 4204 vel
802 4154 841 4205 tis.
876 4155 943 4209 Quod
959 4158 1002 4204 tili
1018 4158 1086 4205 cedit.
1103 4154 1175 4212 Quod
1191 4153 1235 4202 tibi
1250 4170 1304 4209 sue-

255 4226 285 4277 ed
300 4226 383 4293 reliqui
399 4227 503 4294 corporis
519 4229 623 4277 colorem
639 4228 752 4279 edludere
802 4229 868 4278 cedit
888 4229 993 4279 utiliter:
1015 4229 1066 4279 rire
1084 4228 1175 4287 utilius,
1194 4227 1239 4277 boc
1258 4235 1304 4285 eet.

253 4302 395 4368 putandum.
435 4304 476 4353 De
493 4302 595 4352 Coralli·
619 4312 701 4352 eutem
727 4311 752 4352 et
802 4304 981 4368 metiremur
991 4303 1059 4353 milri.

253 4376 337 4425 Strabo
348 4376 454 4425 meminit
465 4376 526 4426 libro
536 4377 644 4443 septimo.

286 4452 325 4499 40.
336 4451 509 4515 subripiamque
525 4452 607 4515 diem]
627 4450 697 4501 Clam
714 4467 751 4501 ra·
837 4454 859 4501 l.
871 4453 960 4500 Ponam
973 4452 1022 4499 sine
1032 4452 1123 4499 nomine
1137 4450 1244 4514 erim]
1263 4448 1303 4501 An

254 4524 318 4591 piam
334 4532 410 4573 toturn
425 4525 497 4575 diem.
525 4524 676 4591 Subripimus
689 4524 752 4574 enim
804 4524 880 4575 debeo
893 4532 986 4574 tentum
1002 4520 1093 4575 crimen
1103 4532 1171 4575 tuum
1179 4539 1304 4591 cuppmeo

253 4597 326 4657 diem,
342 4598 439 4663 quando
451 4614 563 4649 vacamus
579 4598 651 4649 alicui
667 4597 701 4649 rei
714 4598 752 4663 jo·
804 4597 1050 4721 nominelostqnderet

925 4689 933 4720 l
