3609 5967
425 748 475 846 oa
730 734 1189 818 n'rovrnnussorrrs

433 920 561 1021 Majus
578 947 673 1021 opus
685 933 883 1020 superest:
919 922 1090 1012 sednon,
1110 926 1200 1024 quia
1216 928 1331 1002 serior
1348 953 1446 1027 aegro
1527 978 1530 987 ·

480 1038 667 1127 Advocor,
686 1039 750 1113 ille
767 1039 859 1113 mihi
876 1039 1138 1114 destituendus
1156 1043 1238 1117 erit.
1401 1052 1471 1119 110

433 1154 555 1239 Quam
571 1154 683 1229 laesus
701 1153 822 1229 fuerat
839 1164 985 1252 partem
1003 1154 1195 1230 Paeantius
1213 1160 1334 1245 heros,

480 1270 598 1346 Certi
615 1270 798 1345 debuerat
814 1269 1060 1368 praeseeuisse
1078 1296 1203 1346 manu.

408 1424 411 1429 ·
431 1385 668 1461 Posttamen
685 1386 746 1459 hic
764 1386 903 1459 multos
922 1397 1074 1461 sanatus
1089 1388 1254 1462 creditur
1271 1412 1388 1463 annos

480 1503 705 1602 Supremam
722 1501 831 1575 bellis
846 1501 1071 1600 imposuisse
1089 1527 1252 1578 manum.

431 1619 507 1706 Qui
523 1620 634 1694 modo
651 1630 849 1694 nascentes
866 1620 1114 1717 properabam
1132 1621 1271 1719 pellere
1289 1621 1448 1707 morbos,

479 1735 673 1810 Admoveo
690 1735 834 1810 tardam
852 1759 952 1809 nunc
969 1735 1038 1808 tibi
1055 1737 1179 1810 lentus
1193 1761 1315 1835 opem.
1398 1742 1465 1810 116

428 1851 508 1926 Aut
523 1876 630 1938 nova,
649 1852 680 1925 si
698 1851 833 1950 possis,
852 1853 984 1926 sedare
1002 1851 1175 1926 incendia
1191 1863 1335 1928 tentes:

478 1968 557 2043 Aut
572 1969 636 2042 ubi
653 1992 722 2067 per
737 1969 834 2043 vires
852 1969 1086 2068 procubuere
1103 1994 1203 2045 suas.

429 2084 646 2159 sumturor
662 2085 701 2157 in
717 2109 829 2159 eursu
846 2095 917 2171 est,
936 2087 1099 2159 currenti
1117 2086 1211 2160 cede
1228 2083 1352 2159 furori.

478 2199 660 2275 Difficiles
677 2201 802 2275 aditus
820 2201 1121 2300 impetusomnis
1138 2203 1264 2275 habet.
1395 2206 1464 2272 120

428 2315 588 2404 Stultus,
608 2317 655 2390 ab
673 2316 825 2413 obliquo
844 2317 909 2414 qui
926 2340 1012 2390 cum
1029 2316 1258 2390 descendere
1275 2313 1406 2413 possit,

441 2444 446 2451 '
478 2431 630 2529 Pugnat
646 2432 684 2505 iri
702 2431 877 2506 adversas
894 2431 948 2504 ire
965 2442 1111 2506 natator
1129 2455 1259 2528 aquas.

402 2584 404 2591 a
427 2547 634 2647 Impatiens
654 2548 812 2634 animus
831 2571 901 2621 nec
920 2548 1042 2622 adhuc
1061 2547 1266 2621 tractabilis
1284 2556 1375 2631 arte,

478 2663 653 2763 Respuit,
672 2675 787 2762 atque
805 2663 892 2736 odio
908 2664 1024 2737 verba
1040 2663 1226 2737 monentis
1244 2661 1370 2735 habet.

426 2779 636 2877 Adgrediar
648 2780 780 2855 melius
795 2790 898 2864 tunc,
914 2804 1000 2854 eum
1021 2803 1090 2853 sua
1102 2780 1255 2852 vulnera
1270 2776 1373 2872 tangi
1395 2778 1463 2848 125

475 2894 500 2968 J
502 2919 562 2971 am
585 2897 694 2984 sinet,
714 2906 753 2971 et
767 2896 865 2970 veris
882 2895 1037 2970 vocibus
1056 2904 1165 2993 aptus
1182 2893 1264 2968 erit.

427 3009 522 3094 Quis
539 3020 708 3097 matrem,
727 3010 800 3083 nisi
818 3013 955 3086 mentis
974 3011 1094 3109 inopS,
1113 3010 1152 3083 in
1169 3009 1297 3082 sunere
1315 3006 1392 3080 nati

478 3125 585 3202 Flere
601 3128 728 3202 vetet?
754 3152 828 3201 non
845 3127 917 3202 hoc
934 3128 998 3201 illa
1015 3125 1202 3200 monenda
1217 3124 1312 3197 loco.

427 3239 526 3314 Cum
567 3241 714 3316 dederit
754 3242 937 3331 lacrimas,
975 3242 1216 3338 animumque
1257 3237 1462 3337 expleverit

475 3353 546 3427 llle
562 3354 668 3428 dolor
683 3356 804 3430 verbis
822 3358 1093 3432 emoderandus
1111 3356 1194 3430 erit.
1283 3355 1458 3450 [aegrum3

425 3466 621 3568 Temporis
635 3493 694 3544 ars
708 3472 894 3549 medicina
907 3474 1064 3548 lereest.
1091 3472 1181 3545 data
1194 3481 1362 3569 tempore
1376 3491 1459 3567 pro-

477 3582 527 3659 Et
543 3585 633 3659 data
648 3610 721 3659 non
739 3598 827 3686 apto
844 3600 1013 3687 tempore
1029 3587 1115 3661 vina
1132 3595 1278 3661 nocent.
1345 3585 1459 3679 [sunt

460 3768 513 3815 111.
537 3767 590 3822 Qua
616 3768 680 3817 lesus
697 3768 783 3833 suerat
806 3771 915 3835 portem]
1001 3772 1055 3820 129.
1071 3765 1460 3832 Animumqruszpleusritaegmm]

426 3839 501 3893 Quas
510 3839 647 3888 veterrimus
657 3840 757 3906 Regius,
769 3850 796 3891 ut
809 3842 841 3890 sit
850 3844 917 3892 Gna-
966 3843 1097 3906 impleverit
1107 3842 1187 3907 scripti
1196 3856 1251 3890 cum
1266 3839 1342 3905 primb
1351 3837 1463 3887 editione.

423 3911 519 3969 cisium,
526 3911 552 3960 in
558 3912 645 3976 quibus
651 3914 774 3980 elegantiis
783 3925 820 3965 est
829 3918 917 3966 multus
966 3916 1054 3966 Ham
1071 3913 1160 3964 Nescio
1173 3930 1216 3964 cur
1229 3914 1349 3976 aptam
1366 3911 1461 3977 repudi-

423 3985 517 4035 Noster.
550 3985 639 4036 llsrss.
965 3990 1062 4047 andum,
1072 4005 1127 4038 cum
1141 3987 1226 4054 sepius
1239 3988 1273 4036 ita
1287 3986 1354 4051 loqui
1371 3985 1463 4034 soleant

458 4060 512 4108 113.
529 4059 583 4107 Post
601 4069 674 4108 umen
690 4062 727 4108 bic
745 4061 917 4126 (Philoctetes)
964 4064 1047 4129 optimi
1057 4063 1188 4128 scriptores
1203 4062 1297 4111 Terent.
1313 4060 1400 4124 Hecyr.
1411 4075 1433 4105 v.
1445 4058 1461 4105 i.

423 4134 505 4181 multos
518 4141 612 4181 tonum
626 4136 729 4182 creditur
740 4151 819 4191 annos,
833 4134 916 4196 Supre-
964 4138 1006 4186 29.
1039 4137 1111 4198 Espls
1125 4138 1227 4183 animm
1243 4138 1278 4192 s'is,
1292 4145 1354 4197 toque
1364 4133 1403 4179 lios
1414 4133 1460 4179 cri·

422 4221 482 4253 nass
489 4205 552 4254 bellis
559 4208 682 4267 trapam
691 4207 802 4269 manum]
823 4206 875 4254 Hae
884 4207 914 4257 de
962 4213 1113 4274 mimapsds'.
1123 4217 1148 4259 et
1158 4208 1223 4259 alibi.
1233 4218 1344 4274 preterea
1355 4220 1400 4253 non
1411 4211 1460 4251 tarn

418 4292 447 4325 re
457 4275 497 4326 hic
508 4278 602 4335 Noster,
610 4278 652 4327 lib.
661 4277 710 4327 xiii.
726 4279 916 4345 Metamorpbmt
963 4283 1075 4348 impletur
1089 4283 1181 4332 animus
1198 4281 1315 4347 lacrymis,
1330 4294 1402 4343 quam
1417 4293 1460 4326 ex·

422 4350 454 4407 Q.
468 4352 609 4417 Smyrnam,
627 4351 670 4400 lib.
684 4352 717 4400 ix.
735 4361 760 4401 st
778 4370 801 4401 x.
819 4362 914 4417 praeter-
963 4356 1049 4422 pletur.
1081 4357 1171 4405 Bora.

422 4422 544 4474 missorum
563 4427 594 4475 ab
618 4426 728 4477 Homero.
772 4426 879 4484 samaa
901 4445 916 4477 a
999 4430 1054 4477 1³1.
1085 4428 1226 4492 Temporibus
1240 4431 1362 4477 'arsilirias
1377 4423 1460 4486 volet]

423 4492 547 4548 Padusa.
586 4499 653 4550 Idem
668 4500 865 4565 Smyrnamlib.
883 4501 915 4550 ix.
964 4503 1109 4552 veterrimus
1116 4502 1215 4568 Regius,
1225 4503 1337 4565 Tmpmr‘s
1346 4500 1460 4548 armedi-

424 4565 493 4617 c¹01'·
965 4579 1017 4625 oina
1021 4575 1076 4640 sm
1084 4587 1124 4624 ast·
1134 4577 1256 4641 eleganter
1264 4575 1406 4626 mehercule.
1416 4572 1461 4621 boe
