3609 5967
400 779 471 845 EX
495 773 658 845 ΡΟΝΤΟ
684 776 775 843 LIB.
801 774 871 841 Ill.
896 774 1044 885 Errs'r.
1069 775 1140 843 lx.
1232 781 1299 845 m

546 982 874 1091 nrrsro'm
917 1013 995 1088 rx.

682 1176 857 1243 BRUTO.

244 1314 367 1401 Quon
384 1315 434 1389 sit
450 1316 489 1389 in
506 1314 565 1388 his
582 1313 717 1389 eadem
734 1312 937 1400 sententia,
957 1310 1089 1397 Brute,
1109 1311 1260 1402 libellis,

295 1430 475 1506 Carmina
491 1429 621 1505 nescio
640 1452 756 1527 quem
773 1450 931 1526 carpere
949 1436 1078 1500 nostra
1095 1428 1233 1503 refers:

245 1545 323 1632 Nil,
343 1546 428 1633 uisi,
447 1570 521 1633 me,
540 1554 643 1619 terra
658 1544 759 1618 fruar
776 1554 819 1618 ut
836 1541 1022 1641 propiore,
1041 1566 1194 1641 rogare3
1219 1528 1226 1539 ¹

295 1659 359 1747 Et,
378 1685 494 1760 quam
512 1660 584 1734 sim
602 1660 722 1735 denso
739 1658 887 1734 cinctus
905 1659 954 1733 ab
972 1658 1094 1747 hoste,
1114 1660 1233 1759 queri.

245 1777 280 1852 O
299 1760 481 1876 quamde
499 1777 628 1851 multis
645 1776 777 1850 vitium
796 1775 1085 1874 reprehenditur
1102 1779 1240 1852 unuml
1273 1784 1297 1853 5

296 1892 381 1969 Hoc
399 1905 534 1992 peccat
550 1894 673 1967 solum
691 1893 723 1967 si
742 1914 827 1967 men
845 1889 971 1980 Musa,
991 1893 1089 1967 bene
1106 1905 1179 1969 est.

245 2009 335 2109 lpse
351 2035 423 2107 ego
440 2010 620 2085 librorum
637 2007 748 2083 video
765 2006 907 2082 delicta
923 2032 1106 2095 meorum,

295 2124 421 2211 Quum
440 2149 509 2200 sua
523 2126 609 2224 plus
624 2126 729 2223 justo
747 2124 917 2199 carmina
933 2125 1098 2223 quisque
1115 2128 1262 2224 probet.

244 2243 389 2317 Auctor
405 2268 501 2341 opus
519 2242 669 2317 laudnt:
700 2241 754 2315 sic
773 2241 930 2316 forsitan
947 2239 1088 2337 Agrius
1105 2243 1196 2316 olim

294 2358 494 2434 Thersiten
512 2357 608 2433 fecie
626 2354 768 2431 dixerit
785 2354 877 2429 esse
888 2356 1000 2430 bona.
1254 2364 1299 2432 lO

244 2472 268 2547 J
271 2475 446 2550 udicium-
454 2486 582 2549 temen
599 2474 662 2548 hic
680 2486 851 2549 nostrum
869 2495 945 2545 nou
962 2471 1106 2570 decipit
1123 2496 1245 2562 error;

296 2590 392 2677 Nec,
412 2590 599 2690 quidquid
618 2591 744 2687 genui,
764 2588 936 2689 protinus
952 2588 1045 2663 illud
1062 2613 1162 2663 arne.

249 2706 329 2780 Cur
346 2707 472 2804 igitur,
491 2706 525 2781 si
542 2730 602 2782 me
619 2708 768 2781 videam
785 2706 1020 2805 delinquere,
1039 2708 1224 2804 peccem?

296 2821 347 2896 Et
363 2822 485 2921 patiar
502 2822 644 2921 scripto
661 2821 804 2898 crimen
820 2822 971 2896 inesse?
996 2845 1120 2918 rogae.

247 2936 284 3011 N
286 2962 335 3012 on
353 2939 486 3013 eadem
504 2938 599 3013 ratio
617 2949 688 3028 est,
708 2938 847 3015 sentire
865 2950 905 3015 et
922 2938 1074 3015 demere
1091 2940 1263 3016 morbos:

277 3054 440 3138 .Sensus
457 3055 557 3130 inest
574 3056 745 3145 cunctis;
775 3054 919 3130 tollitur
936 3065 1017 3129 arte
1034 3056 1189 3129 malum.
1252 3060 1297 3131 16
1321 3122 1325 3139 ,

246 3170 358 3269 Saepe
375 3170 528 3270 aliquod
541 3173 704 3271 cupiens
722 3174 878 3247 verbum
895 3181 1055 3258 mutare,
1074 3171 1268 3271 relinqu03

297 3284 321 3359 J
324 3287 491 3362 udicium
508 3290 606 3363 vires
624 3290 910 3387 destituuntque
928 3312 1068 3362 meum.

279 3472 300 3519 l.
319 3470 406 3520 Εαιίιηι
417 3472 551 3537 sententio]
571 3472 664 3523 Eadem
672 3482 747 3524 mete·
833 3474 872 3521 ll.
890 3472 944 3521 Non
954 3475 1039 3535 decipit
1050 3482 1151 3521 nostrum
1153 3475 1297 3539 judicium]

243 3544 278 3595 ria
288 3560 337 3611 qua
346 3562 404 3595 usus
414 3562 467 3595 sum
477 3545 550 3595 etiam
561 3546 586 3596 in
596 3546 693 3613 reliquis
703 3548 747 3596 hu·
798 3546 855 3597 Non
871 3545 934 3595 lallit
949 3562 1028 3595 meum
1042 3546 1169 3611 judicium,
1182 3548 1247 3613 quod
1262 3556 1300 3597 est

242 3618 282 3683 jus
293 3618 372 3684 operis
382 3618 478 3669 libellis.
754 3666 759 3671 .
797 3620 828 3671 de
844 3620 990 3671 carminibus
1002 3622 1069 3671 meis
1101 3622 1299 3689 Errorenimju-

276 3694 299 3742 7.
330 3694 399 3743 l'ideo
426 3694 531 3758 delicto]
563 3694 641 3744 Video
667 3694 747 3761 plures
796 3694 887 3745 dicium
912 3704 1017 3745 nubum
1042 3696 1114 3755 inllit,
1134 3712 1209 3762 quum
1235 3698 1300 3752 mal·
1407 3694 1412 3701 ’

245 3782 342 3823 errores,
356 3782 428 3832 quam
444 3784 519 3818 unum
535 3767 603 3817 illud.
639 3770 692 3819 Vidi
710 3786 747 3837 pr.
797 3768 1300 3829 nostmcarmimbonnusecrcdimunct

246 3838 285 3887 ed.
497 3878 502 3889 .
796 3842 831 3891 sic
842 3856 955 3891 erremus.

275 3914 300 3963 9.
317 3912 355 3963 Sic
358 3912 462 3978 forsitan
472 3916 556 3965 Accius
566 3914 640 3979 olim]
660 3915 747 3979 Agrius
831 3917 869 3965 15.
885 3915 977 3965 Seritirc
987 3924 1010 3963 ct
1024 3912 1112 3965 dewi
1125 3917 1232 3981 morbos]
1251 3917 1299 3967 Co·

245 3986 432 4053 legendumjrm
444 3989 536 4039 monuit
551 3989 576 4039 in
590 3987 657 4039 novis
667 3988 747 4051 lecti·
797 4004 910 4054 gnoscere
924 3998 949 4039 et
961 4004 1043 4038 cume
1055 3990 1212 4041 infirmitates.
1244 3992 1299 4043 Hoc

244 4060 329 4111 onibus
350 4060 487 4111 Guilelmus
507 4063 635 4121 Cantetur,
656 4062 700 4111 lib.
722 4060 747 4109 ii·
798 4070 843 4121 est,
855 4077 1008 4128 neuportum
1017 4064 1261 4131 erroremoorrigere:

244 4149 298 4199 cap.
318 4151 382 4195 1113
409 4134 429 4184 is
452 4134 515 4185 enim
535 4135 650 4186 Thersite
670 4144 745 4203 pater.
961 4136 1023 4191 Quia
1032 4141 1138 4187 comino
1147 4140 1224 4188 hrum

245 4206 334 4257 limus.
361 4210 458 4258 Merula
466 4208 569 4259 Accium
580 4210 702 4277 iutelligit,
714 4210 745 4261 de
860 4212 923 4261 Sunt
933 4214 1301 4276 opusntpaoenmtirbobm

245 4296 293 4346 quo
305 4282 371 4331 Pers.
382 4283 432 4333 Set.
443 4282 464 4331 Ι.
476 4299 535 4333 νοτε.
546 4286 591 4334 5οε
894 4287 984 4335 uoluunt.

373 4358 641 4409 miraclelliaslcci
831 4360 870 4410 16.
888 4359 990 4408 Tollitur
1008 4368 1059 4409 aru
1076 4357 1184 4422 malum]
1207 4357 1301 4409 Vitium

311 4428 383 4479 Ebrio
394 4441 499 4491 verotr03
797 4432 909 4485 carminis
926 4449 974 4482 uon
989 4432 1082 4498 indiget
1092 4430 1167 4481 solum
1178 4440 1205 4481 ut
1216 4432 1301 4497 depre-

243 4502 287 4553 red
299 4504 331 4551 ibi
343 4506 395 4553 Atti
409 4505 505 4570 legitur,
516 4506 580 4557 etde
592 4508 680 4557 recenti
691 4522 747 4573 poe·
798 4506 923 4563 beedmot,
933 4505 976 4555 sed
987 4514 1038 4555 erte
1052 4521 1112 4571 opus
1127 4513 1171 4562 est,
1183 4522 1236 4571 qun
1253 4522 1301 4558 non

245 4584 279 4633 ta,
290 4575 331 4642 qni
346 4577 422 4627 Persii
432 4587 537 4645 tempore
548 4578 651 4638 vivebat,
661 4580 700 4646 agi
710 4598 747 4631 os-
799 4589 877 4647 potest
887 4580 932 4629 nisi
944 4579 1024 4629 aloto
1035 4578 1114 4629 animo
1125 4578 1251 4644 proficisci.

243 4650 319 4699 tendit
331 4650 498 4701 casaubonus.
835 4654 874 4703 l'l.
896 4654 1031 4719 Relinque]
1050 4652 1300 4707 omitto-cilicum-
