3609 5967
515 766 656 831 ARTIS
679 751 947 831 AMATORIAE
970 764 1062 829 LIB.
1086 766 1136 829 Π.
1301 762 1346 829 28

302 936 509 1024 Candidus,
529 939 703 1013 Alcathoi
721 938 785 1035 qui
803 939 963 1011 mlttitur
979 938 1072 1011 urbe
1091 937 1265 1033 Pelasgi,

354 1052 512 1141 Bulbus,
531 1064 582 1141 et,
602 1078 650 1127 ex
669 1055 776 1129 horto
795 1076 880 1149 quoe
897 1053 1011 1137 venit,
1030 1052 1148 1127 herba
1163 1053 1282 1137 salu,

302 1166 459 1265 Ovaque
477 1179 682 1255 sumantur,
702 1178 895 1243 sumantur
915 1165 1112 1267 Hymettia
1122 1167 1253 1254 mella,

312 1308 314 1319 ¹
351 1282 532 1381 Quasque
544 1285 636 1359 tulit
651 1283 739 1357 folio
756 1284 867 1383 pinus
886 1295 998 1357 acuta
1014 1307 1141 1357 nuces.

304 1396 437 1484 Docta,
456 1399 549 1495 quid
567 1400 615 1473 ad
634 1398 812 1485 medicas,
833 1395 961 1486 Erato,
979 1397 1182 1472 deverteris
1199 1398 1324 1471 artes?

354 1512 512 1587 Interior
528 1538 638 1589 curru
656 1525 758 1589 meta
774 1514 930 1587 terenda
945 1538 1029 1587 meo
1045 1523 1116 1586 est.
1266 1512 1340 1583 426

303 1626 377 1711 Qui
394 1630 506 1711 modo
523 1630 675 1704 celabas
692 1629 836 1703 monitu
853 1640 920 1703 tua
936 1629 1091 1703 crimina
1107 1638 1253 1714 nostro;

354 1742 481 1818 Flecte
499 1746 581 1832 iter,
600 1754 639 1819 et
656 1744 798 1818 monitu
816 1743 952 1839 detege
969 1743 1067 1818 furta
1083 1766 1180 1817 meo.

305 1856 340 1929 N
343 1881 387 1931 ec
405 1858 536 1933 levitas
553 1859 742 1957 culpanda
755 1882 839 1931 mee
853 1869 927 1931 est.
952 1882 1027 1931 non
1044 1880 1192 1956 semper
1208 1855 1341 1929 eodem

355 1972 555 2071 Impositos
574 1984 684 2049 vento
702 1973 828 2071 panda
844 1973 971 2047 carina
986 1973 1099 2047 vehit.
1266 1974 1342 2043 430

306 2085 341 2159 N
344 2110 404 2161 am
422 2088 533 2161 modo
550 2086 724 2162 Threicio
743 2086 1005 2173 Boreamodo
1023 2087 1206 2161 currimns
1221 2084 1339 2159 Euro:

354 2202 465 2301 Saepe
482 2214 629 2277 tument
646 2204 820 2301 Zephyro
837 2203 964 2290 lintea,
984 2228 1085 2302 saepe
1104 2202 1217 2277 Noto.

305 2316 482 2416 Adspice,
501 2329 543 2391 ut
560 2319 598 2393 in
615 2342 726 2393 curru
744 2318 856 2393 modo
873 2316 940 2393 det
956 2317 1142 2393 fluitantia
1157 2325 1279 2391 rector

354 2431 461 2520 Lora,
480 2435 591 2509 modo
609 2435 793 2509 admissos
812 2444 891 2509 arte
908 2444 1071 2509 retentet
1088 2456 1219 2531 equos.
1334 2528 1339 2535 Ι

306 2547 402 2622 Sunt
414 2548 551 2645 quibus
565 2551 708 2647 ingrate
722 2550 855 2625 timida
867 2547 1246 2646 indulgentiaservit:
1268 2549 1341 2619 435

356 2662 418 2750 Et,
428 2663 470 2737 si
487 2663 589 2737 nulla
605 2666 735 2767 subest
753 2666 898 2751 aemula,
918 2665 1072 2759 languet
1089 2684 1205 2738 arnor.

339 2958 394 3006 421.
413 2956 540 3016 Candidus,
555 2961 664 3008 Alcathoi
678 2963 717 3023 gul
730 2962 803 3009 mitti·
854 2961 902 3011 Ubi
911 2960 1086 3018 mallem‚'stont
1098 2960 1204 3025 Megara.
1238 2958 1325 3007 Eunu.

306 3042 346 3080 tar
361 3032 417 3080 orls
436 3032 555 3095 Pelasga]
579 3032 702 3096 Megaram
720 3032 802 3082 urbem
875 3036 941 3084 m.
959 3034 1345 3097 stemmataclara·

307 3104 419 3169 intelligit
429 3106 512 3161 Petu,
522 3120 594 3170 quam
605 3106 669 3155 bello
681 3106 767 3155 Minois
778 3116 802 3154 et
853 3110 914 3173 lam]
933 3108 1034 3158 Emeum
1049 3107 1150 3171 intelligi
1164 3114 1234 3171 puto:
1251 3120 1306 3153 nam
1321 3112 1347 3152 et

307 3178 360 3227 Nisi
370 3192 457 3241 magna
466 3194 496 3227 ex
511 3188 578 3243 poste
591 3186 717 3235 vastamm,
728 3178 801 3227 Alea·
852 3184 913 3233 inlra
927 3181 971 3230 lib.
982 3184 1008 3230 2.
1023 3181 1054 3229 de
1066 3180 1168 3229 Remed.
1187 3178 1273 3228 moris
1286 3179 1343 3227 799.

307 3252 376 3301 thone
386 3250 479 3317 Pelopis
494 3250 556 3299 lilius
565 3266 595 3301 ea
611 3250 680 3301 Elide
695 3252 800 3308 veniens.
850 3258 946 3304 salassus
955 3253 1057 3303 eandem
1066 3252 1171 3301 nominat
1180 3251 1225 3300 hoe
1235 3266 1303 3301 reem
1313 3268 1319 3296 z

304 3336 330 3376 et
351 3327 463 3390 Megareo
479 3324 528 3391 regi
546 3326 631 3391 (gener
648 3324 754 3390 ejusdem
770 3326 800 3373 ob
885 3329 933 3377 Nee
949 3330 1024 3377 ninas
1037 3343 1116 3376 mcci
1130 3336 1209 3389 aptum
1225 3335 1257 3373 est
1270 3327 1343 3373 nitore

306 3398 453 3449 interiectum
464 3398 633 3449 Cithaeroninrn
646 3399 738 3448 leonem
749 3399 799 3447 lac·
914 3404 1007 3457 alsus,
1018 3402 1063 3449 dic.

307 3473 356 3535 tna)
373 3473 398 3521 in
415 3488 487 3537 reguo
503 3472 633 3521 succedens
653 3472 800 3529 instaurarit,
850 3474 901 3525 llut
917 3484 980 3525 certe
996 3474 1137 3539 generaliter
1148 3472 1279 3538 quamlibet
1292 3472 1344 3521 her·

308 3546 402 3596 condita
412 3547 484 3595 etiarn
497 3561 559 3602 arce,
570 3560 641 3609 quam
657 3545 749 3610 proprio
760 3562 800 3593 no·
849 3549 906 3597 bam
916 3550 1057 3603 hortensem,
1065 3563 1119 3611 que
1130 3546 1161 3594 ad
1171 3546 1344 3610 provocandam

309 3620 371 3669 mine
388 3620 523 3669 Alcatholin
537 3618 638 3667 coemit.
656 3627 722 3667 autor
738 3618 801 3669 Peu-
851 3638 959 3673 venerem
979 3621 1046 3671 tacit.
1067 3622 1093 3670 in
1114 3634 1162 3685 qua
1183 3619 1301 3668 eenoentia
1319 3631 1344 3668 et

307 3710 360 3743 san.
382 3692 407 3741 in
427 3692 480 3743 Att.
508 3693 605 3741 Mrcrn.
632 3692 741 3741 Alcathoi
761 3708 801 3741 arx
852 3696 946 3745 Merula
955 3695 1026 3745 fuisse
1034 3694 1134 3743 videtur.
1166 3693 1263 3740 lllrcrr.

307 3766 412 3831 Megaris
419 3766 595 3832 appellabatur,
605 3774 665 3815 teste
676 3764 802 3815 Pausanil.
884 3770 940 3817 429.
959 3767 1007 3815 Noc
1018 3769 1097 3815 levitas
1107 3768 1277 3827 &mudum
1288 3766 1341 3829 aa]

307 3838 802 3903 alannumautemmegamcondidiaa
853 3838 1344 3905 Quoddeugendonnncpmcipiamsarta,

306 3928 402 3979 operam
420 3912 443 3961 ei
461 3920 563 3961 narrante
583 3910 704 3977 Apolline,
725 3912 803 3961 lerunt
853 3931 907 3980 quse
929 3914 999 3963 modo
1017 3916 1113 3961 celanda
1131 3928 1256 3961 summm.
1291 3912 1346 3961 Uns

308 3997 408 4041 veteres.
440 3984 571 4050 Theognis:
853 3980 941 4045 quippe
955 3977 1173 4041 mens‚eademque
1188 3975 1345 4025 mihiz‘amo-

339 4060 414 4125 Φοῖβε
424 4061 498 4117 ἅναξ,
510 4059 584 4117 αὐτὸς
598 4060 643 4123 plo
659 4058 803 4123 ἐπύργωσας
853 4069 902 4103 rem
909 4053 984 4102 scilic.
991 4052 1112 4101 omniane
1121 4051 1235 4100 adseres.
1256 4050 1345 4100 Aur».

403 4134 479 4185 πόλιν
488 4134 567 4199 ἄκρην
885 4127 942 4175 430.
969 4125 1107 4188 [προέτω]
1139 4124 1202 4180 Duo,
1228 4127 1347 4185 impositas.

370 4208 500 4271 Ἀλκαθόῳ
518 4204 631 4262 lliloaoc
649 4202 718 4255 παιδὶ
734 4222 803 4269 gapt·
851 4199 989 4259 Berusetis,
1004 4201 1112 4261 imposito·
1135 4197 1347 4251 Ambrosianum

403 4282 514 4345 ζόμενος.
684 4278 772 4339 Herus.
852 4284 941 4335 portus,
950 4273 1103 4321 Nihilmnta:
1117 4288 1158 4336 per
1169 4270 1347 4331 imporiwscnim

309 4352 804 4417 Protuli,Alaastot‚itaVirgil.caui105.
854 4347 967 4412 intelligit
977 4356 1089 4403 vectores,
1099 4354 1124 4393 et
1133 4344 1250 4409 proprium
1264 4351 1301 4389 est
1314 4342 1347 4391 rei

341 4432 391 4479 Stat
403 4430 500 4496 Megara
511 4430 583 4481 Attal
593 4430 705 4491 qnondam
714 4430 804 4475 mnnita
854 4420 955 4471 nautica
964 4421 1061 4469 verbum
1069 4422 1189 4479 saponem,
1197 4430 1244 4477 quo
1252 4421 1350 4463 utuntur

854 4493 999 4558 simpliciter,
1011 4490 1151 4561 non'nddito
1161 4504 1225 4551 sepo
1236 4488 1298 4542 nasi,
1308 4488 1347 4547 yel

854 4573 993 4635 iuncum·
1013 4568 1102 4613 Buris.
1128 4625 1131 4629 ι

918 4647 962 4693 cl
