<?xml version="1.0" encoding="UTF-8"?>
<!DOCTYPE html PUBLIC "-//W3C//DTD XHTML 1.0 Transitional//EN"
    "http://www.w3.org/TR/xhtml1/DTD/xhtml1-transitional.dtd">
<html xmlns="http://www.w3.org/1999/xhtml" xml:lang="en" lang="en">
 <head>
  <title>
</title>
<meta http-equiv="Content-Type" content="text/html;charset=utf-8" />
  <meta name='ocr-system' content='tesseract 3.04.00' />
  <meta name='ocr-capabilities' content='ocr_page ocr_carea ocr_par ocr_line ocrx_word'/>
</head>
<body>
  <div class='ocr_page' id='page_1' title='image "./opera02giergoog_0231.png"; bbox 0 0 3609 5967; ppageno 0'>
   <div class='ocr_carea' id='block_1_1' title="bbox 484 772 1345 859">
    <p class='ocr_par' dir='ltr' id='par_1_1' title="bbox 484 772 1345 859">
     <span class='ocr_line' id='line_1_1' title="bbox 484 772 1345 859; baseline 0.01 -9"><span class='ocrx_word' id='word_1_1' title='bbox 484 782 718 850; x_wconf 74' lang='lat' dir='ltr'>TRISTIUM</span> <span class='ocrx_word' id='word_1_2' title='bbox 742 772 833 848; x_wconf 83' lang='lat' dir='ltr'><strong>LIB.</strong></span> <span class='ocrx_word' id='word_1_3' title='bbox 858 782 928 847; x_wconf 89' lang='grc' dir='ltr'><strong>ΙΙΙ.</strong></span> <span class='ocrx_word' id='word_1_4' title='bbox 953 783 1090 853; x_wconf 85' lang='lat' dir='ltr'><strong>ELEG.</strong></span> <span class='ocrx_word' id='word_1_5' title='bbox 1114 788 1144 855; x_wconf 92' lang='lat'><strong>1.</strong></span> <span class='ocrx_word' id='word_1_6' title='bbox 1279 790 1345 859; x_wconf 58' lang='lat' dir='ltr'><em>m</em></span> 
     </span>
    </p>
   </div>
   <div class='ocr_carea' id='block_1_2' title="bbox 267 955 1344 3029">
    <p class='ocr_par' dir='ltr' id='par_1_2' title="bbox 267 955 1344 3029">
     <span class='ocr_line' id='line_1_2' title="bbox 297 955 1344 1056; baseline 0.011 -26"><span class='ocrx_word' id='word_1_7' title='bbox 297 956 428 1056; x_wconf 90' lang='lat' dir='ltr'><strong>thue</strong></span> <span class='ocrx_word' id='word_1_8' title='bbox 442 956 539 1032; x_wconf 82' lang='lat' dir='ltr'><strong>viret</strong></span> <span class='ocrx_word' id='word_1_9' title='bbox 555 978 707 1054; x_wconf 82' lang='lat' dir='ltr'>semper</span> <span class='ocrx_word' id='word_1_10' title='bbox 722 955 863 1042; x_wconf 82' lang='lat' dir='ltr'><strong>laurus,</strong></span> <span class='ocrx_word' id='word_1_11' title='bbox 881 979 953 1030; x_wconf 89' lang='lat' dir='ltr'><strong>nec</strong></span> <span class='ocrx_word' id='word_1_12' title='bbox 971 956 1104 1034; x_wconf 81' lang='lat' dir='ltr'><strong>fronde</strong></span> <span class='ocrx_word' id='word_1_13' title='bbox 1120 963 1267 1039; x_wconf 83' lang='lat' dir='ltr'><strong>caduce</strong></span> <span class='ocrx_word' id='word_1_14' title='bbox 1295 968 1344 1041; x_wconf 82' lang='lat'><strong>45</strong></span> 
     </span>
     <span class='ocr_line' id='line_1_3' title="bbox 343 1072 1185 1174; baseline 0.005 -26"><span class='ocrx_word' id='word_1_15' title='bbox 343 1076 533 1174; x_wconf 81' lang='lat' dir='ltr'>Carpitur,</span> <span class='ocrx_word' id='word_1_16' title='bbox 551 1086 733 1156; x_wconf 77' lang='lat' dir='ltr'><strong>ueternum</strong></span> <span class='ocrx_word' id='word_1_17' title='bbox 751 1072 805 1146; x_wconf 89' lang='lat' dir='ltr'><strong>sic</strong></span> <span class='ocrx_word' id='word_1_18' title='bbox 824 1072 941 1148; x_wconf 84' lang='lat' dir='ltr'><strong>habet</strong></span> <span class='ocrx_word' id='word_1_19' title='bbox 959 1072 1025 1148; x_wconf 80' lang='lat' dir='ltr'><strong>illa</strong></span> <span class='ocrx_word' id='word_1_20' title='bbox 1041 1077 1185 1151; x_wconf 75' lang='lat' dir='ltr'><strong>decus?</strong></span> 
     </span>
     <span class='ocr_line' id='line_1_4' title="bbox 293 1189 1214 1290; baseline 0.003 -25"><span class='ocrx_word' id='word_1_21' title='bbox 293 1191 495 1290; x_wconf 81' lang='lat' dir='ltr'><strong>Causaque</strong></span> <span class='ocrx_word' id='word_1_22' title='bbox 513 1189 718 1289; x_wconf 82' lang='lat' dir='ltr'><strong>subpositoe</strong></span> <span class='ocrx_word' id='word_1_23' title='bbox 736 1189 878 1287; x_wconf 84' lang='lat' dir='ltr'><strong>scripto</strong></span> <span class='ocrx_word' id='word_1_24' title='bbox 896 1198 1037 1265; x_wconf 80' lang='lat' dir='ltr'><strong>testata</strong></span> <span class='ocrx_word' id='word_1_25' title='bbox 1054 1215 1214 1282; x_wconf 86' lang='lat' dir='ltr'><strong>coronae,</strong></span> 
     </span>
     <span class='ocr_line' id='line_1_5' title="bbox 343 1305 1037 1405; baseline 0.003 -25"><span class='ocrx_word' id='word_1_26' title='bbox 343 1305 518 1382; x_wconf 84' lang='lat' dir='ltr'><strong>Servatus</strong></span> <span class='ocrx_word' id='word_1_27' title='bbox 536 1308 637 1380; x_wconf 85' lang='lat' dir='ltr'><strong>circs</strong></span> <span class='ocrx_word' id='word_1_28' title='bbox 655 1305 798 1380; x_wconf 84' lang='lat' dir='ltr'><strong>indicat</strong></span> <span class='ocrx_word' id='word_1_29' title='bbox 814 1306 929 1403; x_wconf 90' lang='lat' dir='ltr'><strong>hujus</strong></span> <span class='ocrx_word' id='word_1_30' title='bbox 943 1331 1037 1405; x_wconf 89' lang='lat' dir='ltr'><strong>ope:</strong></span> 
     </span>
     <span class='ocr_line' id='line_1_6' title="bbox 267 1422 1199 1521; baseline 0.002 -24"><span class='ocrx_word' id='word_1_31' title='bbox 267 1422 425 1520; x_wconf 77' lang='lat' dir='ltr'><strong>,Adjicc</strong></span> <span class='ocrx_word' id='word_1_32' title='bbox 441 1424 599 1498; x_wconf 85' lang='lat' dir='ltr'><strong>servatis</strong></span> <span class='ocrx_word' id='word_1_33' title='bbox 616 1447 745 1508; x_wconf 90' lang='lat' dir='ltr'><strong>unum,</strong></span> <span class='ocrx_word' id='word_1_34' title='bbox 765 1432 873 1520; x_wconf 83' lang='lat' dir='ltr'><strong>pater</strong></span> <span class='ocrx_word' id='word_1_35' title='bbox 890 1424 1046 1521; x_wconf 86' lang='lat' dir='ltr'><strong>optime,</strong></span> <span class='ocrx_word' id='word_1_36' title='bbox 1066 1425 1199 1514; x_wconf 85' lang='lat' dir='ltr'><strong>civem,</strong></span> 
     </span>
     <span class='ocr_line' id='line_1_7' title="bbox 341 1532 1339 1638; baseline 0.008 -27"><span class='ocrx_word' id='word_1_37' title='bbox 341 1532 418 1622; x_wconf 86' lang='lat' dir='ltr'><strong>Qui</strong></span> <span class='ocrx_word' id='word_1_38' title='bbox 435 1541 566 1637; x_wconf 92' lang='lat' dir='ltr'><strong>procul</strong></span> <span class='ocrx_word' id='word_1_39' title='bbox 584 1550 755 1613; x_wconf 83' lang='lat' dir='ltr'><strong>extremo</strong></span> <span class='ocrx_word' id='word_1_40' title='bbox 773 1538 905 1637; x_wconf 86' lang='lat' dir='ltr'><strong>pulsus</strong></span> <span class='ocrx_word' id='word_1_41' title='bbox 924 1539 962 1611; x_wconf 89' lang='lat' dir='ltr'><strong>in</strong></span> <span class='ocrx_word' id='word_1_42' title='bbox 980 1541 1072 1615; x_wconf 91' lang='lat' dir='ltr'><strong>orbe</strong></span> <span class='ocrx_word' id='word_1_43' title='bbox 1084 1542 1210 1638; x_wconf 83' lang='lat' dir='ltr'><strong>jacet3</strong></span> <span class='ocrx_word' id='word_1_44' title='bbox 1289 1548 1339 1619; x_wconf 88' lang='grc'><strong>50</strong></span> 
     </span>
     <span class='ocr_line' id='line_1_8' title="bbox 292 1652 1203 1755; baseline 0.005 -28"><span class='ocrx_word' id='word_1_45' title='bbox 292 1652 337 1728; x_wconf 89' lang='lat' dir='ltr'><strong>ln</strong></span> <span class='ocrx_word' id='word_1_46' title='bbox 356 1679 433 1753; x_wconf 92' lang='lat' dir='ltr'><strong>quo</strong></span> <span class='ocrx_word' id='word_1_47' title='bbox 450 1680 659 1755; x_wconf 87' lang='lat' dir='ltr'><strong>poenarum,</strong></span> <span class='ocrx_word' id='word_1_48' title='bbox 678 1678 774 1755; x_wconf 84' lang='lat' dir='ltr'><strong>quas</strong></span> <span class='ocrx_word' id='word_1_49' title='bbox 792 1680 835 1729; x_wconf 89' lang='lat' dir='ltr'><strong>se</strong></span> <span class='ocrx_word' id='word_1_50' title='bbox 852 1656 1036 1730; x_wconf 88' lang='lat' dir='ltr'><strong>meruisse</strong></span> <span class='ocrx_word' id='word_1_51' title='bbox 1053 1657 1203 1746; x_wconf 83' lang='lat' dir='ltr'><strong>latetur,</strong></span> 
     </span>
     <span class='ocr_line' id='line_1_9' title="bbox 341 1768 1237 1857; baseline 0.007 -13"><span class='ocrx_word' id='word_1_52' title='bbox 341 1768 431 1845; x_wconf 91' lang='lat' dir='ltr'><strong>Non</strong></span> <span class='ocrx_word' id='word_1_53' title='bbox 448 1770 594 1847; x_wconf 81' lang='lat' dir='ltr'><strong>lacinus</strong></span> <span class='ocrx_word' id='word_1_54' title='bbox 611 1796 778 1857; x_wconf 83' lang='lat' dir='ltr'><strong>causam,</strong></span> <span class='ocrx_word' id='word_1_55' title='bbox 797 1772 867 1845; x_wconf 90' lang='lat' dir='ltr'><strong>sed</strong></span> <span class='ocrx_word' id='word_1_56' title='bbox 883 1796 974 1845; x_wconf 86' lang='lat' dir='ltr'><strong>suus</strong></span> <span class='ocrx_word' id='word_1_57' title='bbox 992 1796 1094 1847; x_wconf 88' lang='lat' dir='ltr'><strong>error</strong></span> <span class='ocrx_word' id='word_1_58' title='bbox 1111 1774 1237 1850; x_wconf 85' lang='lat' dir='ltr'><strong>habet.</strong></span> 
     </span>
     <span class='ocr_line' id='line_1_10' title="bbox 291 1882 1340 1991; baseline 0.006 -30"><span class='ocrx_word' id='word_1_59' title='bbox 291 1882 359 1961; x_wconf 87' lang='lat' dir='ltr'><strong>Me</strong></span> <span class='ocrx_word' id='word_1_60' title='bbox 373 1888 568 1962; x_wconf 82' lang='lat' dir='ltr'><strong>miserum!</strong></span> <span class='ocrx_word' id='word_1_61' title='bbox 586 1908 792 1985; x_wconf 81' lang='lat' dir='ltr'><strong>vereorque</strong></span> <span class='ocrx_word' id='word_1_62' title='bbox 806 1887 944 1977; x_wconf 88' lang='lat' dir='ltr'><strong>locum,</strong></span> <span class='ocrx_word' id='word_1_63' title='bbox 955 1912 1189 1990; x_wconf 87' lang='lat' dir='ltr'><strong>venerorque</strong></span> <span class='ocrx_word' id='word_1_64' title='bbox 1206 1902 1340 1991; x_wconf 87' lang='lat' dir='ltr'><strong>poten-</strong></span> 
     </span>
     <span class='ocr_line' id='line_1_11' title="bbox 342 1999 1337 2105; baseline 0.011 -31"><span class='ocrx_word' id='word_1_65' title='bbox 342 1999 393 2074; x_wconf 88' lang='lat' dir='ltr'><strong>Et</strong></span> <span class='ocrx_word' id='word_1_66' title='bbox 411 2003 579 2101; x_wconf 84' lang='lat' dir='ltr'><strong>quatitur</strong></span> <span class='ocrx_word' id='word_1_67' title='bbox 594 2003 743 2101; x_wconf 86' lang='lat' dir='ltr'><strong>trepido</strong></span> <span class='ocrx_word' id='word_1_68' title='bbox 762 2002 873 2078; x_wconf 83' lang='lat' dir='ltr'><strong>litera</strong></span> <span class='ocrx_word' id='word_1_69' title='bbox 888 2016 1020 2079; x_wconf 84' lang='lat' dir='ltr'><strong>nostra</strong></span> <span class='ocrx_word' id='word_1_70' title='bbox 1036 2016 1151 2081; x_wconf 85' lang='lat' dir='ltr'><strong>metu.</strong></span> <span class='ocrx_word' id='word_1_71' title='bbox 1231 2011 1337 2105; x_wconf 85' lang='lat' dir='ltr'><strong>[tem,</strong></span> 
     </span>
     <span class='ocr_line' id='line_1_12' title="bbox 288 2116 1337 2217; baseline 0.011 -28"><span class='ocrx_word' id='word_1_72' title='bbox 288 2116 466 2214; x_wconf 88' lang='lat' dir='ltr'><strong>Adspicis</strong></span> <span class='ocrx_word' id='word_1_73' title='bbox 484 2118 668 2215; x_wconf 75' lang='lat' dir='ltr'><strong>exsengui</strong></span> <span class='ocrx_word' id='word_1_74' title='bbox 685 2118 856 2191; x_wconf 76' lang='lat' dir='ltr'><strong>chartam</strong></span> <span class='ocrx_word' id='word_1_75' title='bbox 874 2120 1017 2217; x_wconf 82' lang='lat' dir='ltr'><strong>pellere</strong></span> <span class='ocrx_word' id='word_1_76' title='bbox 1036 2123 1186 2197; x_wconf 76' lang='lat' dir='ltr'><strong>colore?</strong></span> <span class='ocrx_word' id='word_1_77' title='bbox 1288 2130 1337 2201; x_wconf 79' lang='lat'><strong>55</strong></span> 
     </span>
     <span class='ocr_line' id='line_1_13' title="bbox 336 2231 1119 2336; baseline 0.008 -30"><span class='ocrx_word' id='word_1_78' title='bbox 336 2231 513 2332; x_wconf 87' lang='lat' dir='ltr'><strong>Adspicis</strong></span> <span class='ocrx_word' id='word_1_79' title='bbox 530 2235 694 2312; x_wconf 70' lang='lat' dir='ltr'><strong>alternos</strong></span> <span class='ocrx_word' id='word_1_80' title='bbox 711 2235 955 2310; x_wconf 85' lang='lat' dir='ltr'><strong>intremuisse</strong></span> <span class='ocrx_word' id='word_1_81' title='bbox 973 2238 1119 2336; x_wconf 78' lang='lat' dir='ltr'><strong>pedes?</strong></span> 
     </span>
     <span class='ocr_line' id='line_1_14' title="bbox 287 2347 1270 2453; baseline 0.007 -30"><span class='ocrx_word' id='word_1_82' title='bbox 287 2347 626 2448; x_wconf 84' lang='lat' dir='ltr'><strong>Quandocumque,</strong></span> <span class='ocrx_word' id='word_1_83' title='bbox 644 2372 789 2449; x_wconf 84' lang='lat' dir='ltr'><strong>precor,</strong></span> <span class='ocrx_word' id='word_1_84' title='bbox 810 2361 938 2424; x_wconf 87' lang='lat' dir='ltr'><strong>nostro</strong></span> <span class='ocrx_word' id='word_1_85' title='bbox 957 2352 1107 2449; x_wconf 83' lang='lat' dir='ltr'><strong>placata</strong></span> <span class='ocrx_word' id='word_1_86' title='bbox 1123 2356 1270 2453; x_wconf 84' lang='lat' dir='ltr'><strong>parenti</strong></span> 
     </span>
     <span class='ocr_line' id='line_1_15' title="bbox 338 2464 1134 2564; baseline 0.009 -28"><span class='ocrx_word' id='word_1_87' title='bbox 338 2464 466 2540; x_wconf 89' lang='lat' dir='ltr'><strong>Isdem</strong></span> <span class='ocrx_word' id='word_1_88' title='bbox 485 2468 557 2539; x_wconf 91' lang='lat' dir='ltr'><strong>sub</strong></span> <span class='ocrx_word' id='word_1_89' title='bbox 575 2466 737 2540; x_wconf 87' lang='lat' dir='ltr'><strong>dominis</strong></span> <span class='ocrx_word' id='word_1_90' title='bbox 755 2466 966 2564; x_wconf 81' lang='lat' dir='ltr'><strong>adspiciare</strong></span> <span class='ocrx_word' id='word_1_91' title='bbox 985 2468 1134 2544; x_wconf 89' lang='lat' dir='ltr'><strong>domus.</strong></span> 
     </span>
     <span class='ocr_line' id='line_1_16' title="bbox 287 2579 1167 2681; baseline 0.006 -29"><span class='ocrx_word' id='word_1_92' title='bbox 287 2579 383 2655; x_wconf 89' lang='lat' dir='ltr'><strong>Inde</strong></span> <span class='ocrx_word' id='word_1_93' title='bbox 401 2591 531 2655; x_wconf 82' lang='lat' dir='ltr'><strong>tenore</strong></span> <span class='ocrx_word' id='word_1_94' title='bbox 548 2583 645 2681; x_wconf 82' lang='lat' dir='ltr'><strong>pari,&#39;</strong></span> <span class='ocrx_word' id='word_1_95' title='bbox 662 2581 841 2678; x_wconf 80' lang='lat' dir='ltr'><strong>gradibus</strong></span> <span class='ocrx_word' id='word_1_96' title='bbox 859 2583 1037 2656; x_wconf 84' lang='lat' dir='ltr'><strong>sublimia</strong></span> <span class='ocrx_word' id='word_1_97' title='bbox 1054 2584 1167 2659; x_wconf 90' lang='lat' dir='ltr'><strong>celsis</strong></span> 
     </span>
     <span class='ocr_line' id='line_1_17' title="bbox 338 2696 1338 2796; baseline 0.01 -28"><span class='ocrx_word' id='word_1_98' title='bbox 338 2696 467 2769; x_wconf 90' lang='lat' dir='ltr'><strong>Ducor</strong></span> <span class='ocrx_word' id='word_1_99' title='bbox 483 2697 531 2771; x_wconf 84' lang='lat' dir='ltr'><strong>ad</strong></span> <span class='ocrx_word' id='word_1_100' title='bbox 549 2697 688 2771; x_wconf 85' lang='lat' dir='ltr'><strong>intonsi</strong></span> <span class='ocrx_word' id='word_1_101' title='bbox 705 2696 868 2771; x_wconf 84' lang='lat' dir='ltr'><strong>candida</strong></span> <span class='ocrx_word' id='word_1_102' title='bbox 884 2699 1028 2796; x_wconf 80' lang='lat' dir='ltr'><strong>templa</strong></span> <span class='ocrx_word' id='word_1_103' title='bbox 1046 2700 1141 2789; x_wconf 90' lang='lat' dir='ltr'><strong>Dei;</strong></span> <span class='ocrx_word' id='word_1_104' title='bbox 1289 2706 1338 2779; x_wconf 92' lang='lat'><strong>60</strong></span> 
     </span>
     <span class='ocr_line' id='line_1_18' title="bbox 288 2810 1188 2910; baseline 0.009 -27"><span class='ocrx_word' id='word_1_105' title='bbox 288 2810 407 2907; x_wconf 82' lang='lat' dir='ltr'><strong>Signa</strong></span> <span class='ocrx_word' id='word_1_106' title='bbox 424 2812 631 2910; x_wconf 86' lang='lat' dir='ltr'><strong>peregrinis</strong></span> <span class='ocrx_word' id='word_1_107' title='bbox 648 2812 713 2886; x_wconf 90' lang='lat' dir='ltr'><strong>ubi</strong></span> <span class='ocrx_word' id='word_1_108' title='bbox 731 2824 823 2886; x_wconf 89' lang='lat' dir='ltr'><strong>sunt</strong></span> <span class='ocrx_word' id='word_1_109' title='bbox 839 2814 985 2889; x_wconf 77' lang='lat' dir='ltr'><strong>alterna</strong></span> <span class='ocrx_word' id='word_1_110' title='bbox 1002 2816 1188 2891; x_wconf 86' lang='lat' dir='ltr'><strong>columnis</strong></span> 
     </span>
     <span class='ocr_line' id='line_1_19' title="bbox 338 2926 1170 3029; baseline 0.006 -29"><span class='ocrx_word' id='word_1_111' title='bbox 338 2926 506 3015; x_wconf 76' lang='lat' dir='ltr'><strong>Belides,</strong></span> <span class='ocrx_word' id='word_1_112' title='bbox 525 2939 565 3003; x_wconf 90' lang='lat' dir='ltr'><strong>et</strong></span> <span class='ocrx_word' id='word_1_113' title='bbox 582 2930 711 3003; x_wconf 89' lang='lat' dir='ltr'><strong>stricto</strong></span> <span class='ocrx_word' id='word_1_114' title='bbox 729 2929 912 3005; x_wconf 80' lang='lat' dir='ltr'><strong>barbarus</strong></span> <span class='ocrx_word' id='word_1_115' title='bbox 931 2954 1022 3005; x_wconf 87' lang='lat' dir='ltr'><strong>cnse</strong></span> <span class='ocrx_word' id='word_1_116' title='bbox 1039 2942 1170 3029; x_wconf 80' lang='lat' dir='ltr'><strong>pater:</strong></span> 
     </span>
    </p>
   </div>
   <div class='ocr_carea' id='block_1_3' title="bbox 278 3126 1338 4671">
    <p class='ocr_par' dir='ltr' id='par_1_3' title="bbox 284 3126 1337 3194">
     <span class='ocr_line' id='line_1_20' title="bbox 284 3126 1337 3194; baseline 0.006 -19"><span class='ocrx_word' id='word_1_117' title='bbox 284 3126 419 3177; x_wconf 71' lang='lat' dir='ltr'><strong>Paciferem</strong></span> <span class='ocrx_word' id='word_1_118' title='bbox 434 3127 528 3176; x_wconf 79' lang='lat' dir='ltr'><strong>laurum</strong></span> <span class='ocrx_word' id='word_1_119' title='bbox 544 3127 626 3184; x_wconf 73' lang='lat' dir='ltr'><strong>luisse,</strong></span> <span class='ocrx_word' id='word_1_120' title='bbox 643 3127 713 3178; x_wconf 82' lang='lat' dir='ltr'><strong>docet</strong></span> <span class='ocrx_word' id='word_1_121' title='bbox 730 3127 783 3178; x_wconf 92' lang='lat' dir='ltr'><strong>Pli-</strong></span> <span class='ocrx_word' id='word_1_122' title='bbox 833 3144 893 3186; x_wconf 83' lang='lat' dir='ltr'><strong>mor,</strong></span> <span class='ocrx_word' id='word_1_123' title='bbox 918 3146 967 3194; x_wconf 89' lang='lat' dir='ltr'><strong>quo</strong></span> <span class='ocrx_word' id='word_1_124' title='bbox 994 3138 1059 3179; x_wconf 79' lang='lat' dir='ltr'><strong>tectu</strong></span> <span class='ocrx_word' id='word_1_125' title='bbox 1086 3140 1111 3180; x_wconf 83' lang='lat' dir='ltr'><strong>et</strong></span> <span class='ocrx_word' id='word_1_126' title='bbox 1138 3141 1221 3183; x_wconf 79' lang='lat' dir='ltr'><strong>orurtn</strong></span> <span class='ocrx_word' id='word_1_127' title='bbox 1252 3140 1337 3182; x_wconf 76' lang='lat' dir='ltr'><strong>erent:</strong></span> 
     </span>
    </p>

    <p class='ocr_par' dir='ltr' id='par_1_4' title="bbox 284 3192 1338 3270">
     <span class='ocr_line' id='line_1_21' title="bbox 284 3192 1338 3270; baseline 0.008 -21"><span class='ocrx_word' id='word_1_128' title='bbox 284 3200 346 3258; x_wconf 81' lang='lat' dir='ltr'><strong>nius,</strong></span> <span class='ocrx_word' id='word_1_129' title='bbox 360 3201 403 3249; x_wconf 91' lang='lat' dir='ltr'><strong>lib.</strong></span> <span class='ocrx_word' id='word_1_130' title='bbox 417 3218 456 3249; x_wconf 85' lang='lat' dir='ltr'><strong>xv.</strong></span> <span class='ocrx_word' id='word_1_131' title='bbox 467 3217 521 3268; x_wconf 74' lang='lat' dir='ltr'><strong>cap.</strong></span> <span class='ocrx_word' id='word_1_132' title='bbox 535 3203 575 3249; x_wconf 84' lang='lat'><strong>40.</strong></span> <span class='ocrx_word' id='word_1_133' title='bbox 586 3202 644 3252; x_wconf 71' lang='lat' dir='ltr'><strong>edis</strong></span> <span class='ocrx_word' id='word_1_134' title='bbox 655 3202 783 3261; x_wconf 78' lang='lat' dir='ltr'><strong>Herduini,</strong></span> <span class='ocrx_word' id='word_1_135' title='bbox 833 3203 871 3253; x_wconf 83' lang='lat' dir='ltr'><strong>rel</strong></span> <span class='ocrx_word' id='word_1_136' title='bbox 888 3192 985 3270; x_wconf 74' lang='lat' dir='ltr'><strong>propter</strong></span> <span class='ocrx_word' id='word_1_137' title='bbox 1000 3204 1170 3269; x_wconf 67' lang='lat' dir='ltr'><strong>elegantiorem</strong></span> <span class='ocrx_word' id='word_1_138' title='bbox 1186 3215 1338 3257; x_wconf 77' lang='lat' dir='ltr'><strong>structurum.</strong></span> 
     </span>
    </p>

    <p class='ocr_par' dir='ltr' id='par_1_5' title="bbox 285 3274 913 3341">
     <span class='ocr_line' id='line_1_22' title="bbox 285 3274 913 3341; baseline 0.003 -19"><span class='ocrx_word' id='word_1_139' title='bbox 285 3274 418 3326; x_wconf 77' lang='lat' dir='ltr'><strong>lrirrerbist</strong></span> <span class='ocrx_word' id='word_1_140' title='bbox 431 3274 483 3338; x_wconf 77' lang='lat' dir='ltr'><strong>lpu</strong></span> <span class='ocrx_word' id='word_1_141' title='bbox 492 3276 782 3341; x_wconf 58' lang='lat' dir='ltr'><strong>premoranmprae·</strong></span> <span class='ocrx_word' id='word_1_142' title='bbox 832 3276 913 3325; x_wconf 83' lang='lat' dir='ltr'><strong>Porrr.</strong></span> 
     </span>
    </p>

    <p class='ocr_par' dir='ltr' id='par_1_6' title="bbox 285 3350 1337 3418">
     <span class='ocr_line' id='line_1_23' title="bbox 285 3350 1337 3418; baseline 0.006 -21"><span class='ocrx_word' id='word_1_143' title='bbox 285 3352 495 3398; x_wconf 61' lang='lat' dir='ltr'><strong>mdioruminrer</strong></span> <span class='ocrx_word' id='word_1_144' title='bbox 505 3360 603 3398; x_wconf 69' lang='lat' dir='ltr'><strong>maror</strong></span> <span class='ocrx_word' id='word_1_145' title='bbox 614 3352 693 3408; x_wconf 68' lang='lat' dir='ltr'><strong>imru,</strong></span> <span class='ocrx_word' id='word_1_146' title='bbox 701 3354 784 3415; x_wconf 70' lang='lat' dir='ltr'><strong>pulcris</strong></span> <span class='ocrx_word' id='word_1_147' title='bbox 864 3351 907 3399; x_wconf 73' lang='lat'><strong>62.</strong></span> <span class='ocrx_word' id='word_1_148' title='bbox 934 3350 1045 3415; x_wconf 73' lang='lat' dir='ltr'><strong>Belides]</strong></span> <span class='ocrx_word' id='word_1_149' title='bbox 1075 3351 1101 3401; x_wconf 83' lang='lat' dir='ltr'><strong>lr.</strong></span> <span class='ocrx_word' id='word_1_150' title='bbox 1119 3368 1142 3402; x_wconf 89' lang='lat' dir='ltr'><strong>e.</strong></span> <span class='ocrx_word' id='word_1_151' title='bbox 1163 3353 1337 3418; x_wconf 68' lang='lat' dir='ltr'><strong>quinquaginta</strong></span> 
     </span>
    </p>

    <p class='ocr_par' dir='ltr' id='par_1_7' title="bbox 282 3423 1335 3565">
     <span class='ocr_line' id='line_1_24' title="bbox 282 3423 1335 3492; baseline 0.006 -21"><span class='ocrx_word' id='word_1_152' title='bbox 282 3425 440 3472; x_wconf 67' lang='lat' dir='ltr'><strong>rilindicr&#39;rrrr.</strong></span> <span class='ocrx_word' id='word_1_153' title='bbox 832 3423 1335 3492; x_wconf 70' lang='lat' dir='ltr'><strong>Deneifilire,Brli,AEgyptiinepter,quae</strong></span> 
     </span>
     <span class='ocr_line' id='line_1_25' title="bbox 315 3496 1335 3565; baseline 0.004 -20"><span class='ocrx_word' id='word_1_154' title='bbox 315 3497 355 3547; x_wconf 88' lang='grc'><strong>47.</strong></span> <span class='ocrx_word' id='word_1_155' title='bbox 372 3497 490 3561; x_wconf 60' lang='lat' dir='ltr'><strong>Caum</strong></span> <span class='ocrx_word' id='word_1_156' title='bbox 509 3498 645 3561; x_wconf 52' lang='lat' dir='ltr'><strong>mrsu]</strong></span> <span class='ocrx_word' id='word_1_157' title='bbox 671 3498 783 3564; x_wconf 83' lang='lat' dir='ltr'><strong>Superior</strong></span> <span class='ocrx_word' id='word_1_158' title='bbox 828 3496 983 3565; x_wconf 77' lang='lat' dir='ltr'><strong>jurrupuuir</strong></span> <span class='ocrx_word' id='word_1_159' title='bbox 993 3498 1164 3556; x_wconf 52' lang='lat' dir='ltr'><strong>mesterlin</strong></span> <span class='ocrx_word' id='word_1_160' title='bbox 1172 3498 1335 3565; x_wconf 75' lang='lat' dir='ltr'><strong>AEgyptifre·</strong></span> 
     </span>
    </p>

    <p class='ocr_par' dir='ltr' id='par_1_8' title="bbox 283 3570 1335 3639">
     <span class='ocr_line' id='line_1_26' title="bbox 283 3570 1335 3639; baseline 0.004 -20"><span class='ocrx_word' id='word_1_161' title='bbox 283 3586 337 3638; x_wconf 72' lang='lat' dir='ltr'><strong>perr</strong></span> <span class='ocrx_word' id='word_1_162' title='bbox 342 3571 432 3637; x_wconf 71' lang='lat' dir='ltr'><strong>janue,</strong></span> <span class='ocrx_word' id='word_1_163' title='bbox 442 3570 564 3621; x_wconf 82' lang='lat' dir='ltr'><strong>frondibus</strong></span> <span class='ocrx_word' id='word_1_164' title='bbox 571 3571 634 3620; x_wconf 76' lang='lat' dir='ltr'><strong>lauri</strong></span> <span class='ocrx_word' id='word_1_165' title='bbox 644 3574 782 3630; x_wconf 72' lang='lat' dir='ltr'><strong>ornabatur,</strong></span> <span class='ocrx_word' id='word_1_166' title='bbox 831 3571 874 3621; x_wconf 81' lang='lat' dir='ltr'><strong>tris</strong></span> <span class='ocrx_word' id='word_1_167' title='bbox 891 3572 979 3629; x_wconf 75' lang='lat' dir='ltr'><strong>Danai,</strong></span> <span class='ocrx_word' id='word_1_168' title='bbox 994 3572 1169 3630; x_wconf 75' lang='lat' dir='ltr'><strong>interfecerunt,</strong></span> <span class='ocrx_word' id='word_1_169' title='bbox 1181 3582 1267 3639; x_wconf 70' lang='lat' dir='ltr'><strong>preter</strong></span> <span class='ocrx_word' id='word_1_170' title='bbox 1283 3575 1335 3639; x_wconf 78' lang='lat' dir='ltr'><strong>Hy·</strong></span> 
     </span>
    </p>

    <p class='ocr_par' dir='ltr' id='par_1_9' title="bbox 282 3644 1336 3711">
     <span class='ocr_line' id='line_1_27' title="bbox 282 3644 1336 3711; baseline 0.003 -17"><span class='ocrx_word' id='word_1_171' title='bbox 282 3645 321 3694; x_wconf 84' lang='lat' dir='ltr'><strong>cni</strong></span> <span class='ocrx_word' id='word_1_172' title='bbox 336 3644 444 3709; x_wconf 63' lang='lat' dir='ltr'><strong>subjecte</strong></span> <span class='ocrx_word' id='word_1_173' title='bbox 457 3652 508 3693; x_wconf 82' lang='lat' dir='ltr'><strong>eret</strong></span> <span class='ocrx_word' id='word_1_174' title='bbox 521 3658 608 3694; x_wconf 78' lang='lat' dir='ltr'><strong>corone</strong></span> <span class='ocrx_word' id='word_1_175' title='bbox 618 3660 717 3710; x_wconf 75' lang='lat' dir='ltr'><strong>querna,</strong></span> <span class='ocrx_word' id='word_1_176' title='bbox 727 3661 781 3711; x_wconf 71' lang='lat' dir='ltr'><strong>qne</strong></span> <span class='ocrx_word' id='word_1_177' title='bbox 831 3654 993 3710; x_wconf 78' lang='lat' dir='ltr'><strong>permestrurn,</strong></span> <span class='ocrx_word' id='word_1_178' title='bbox 1010 3662 1065 3711; x_wconf 79' lang='lat' dir='ltr'><strong>qun</strong></span> <span class='ocrx_word' id='word_1_179' title='bbox 1084 3647 1206 3711; x_wconf 83' lang='lat' dir='ltr'><strong>Lynceum</strong></span> <span class='ocrx_word' id='word_1_180' title='bbox 1223 3647 1336 3698; x_wconf 71' lang='lat' dir='ltr'><strong>servarit.</strong></span> 
     </span>
    </p>

    <p class='ocr_par' dir='ltr' id='par_1_10' title="bbox 282 3718 1335 3784">
     <span class='ocr_line' id='line_1_28' title="bbox 282 3718 1335 3784; baseline 0.003 -16"><span class='ocrx_word' id='word_1_181' title='bbox 282 3720 305 3768; x_wconf 91' lang='lat' dir='ltr'><strong>ei</strong></span> <span class='ocrx_word' id='word_1_182' title='bbox 314 3720 423 3777; x_wconf 79' lang='lat' dir='ltr'><strong>debetur,</strong></span> <span class='ocrx_word' id='word_1_183' title='bbox 434 3719 475 3783; x_wconf 89' lang='lat' dir='ltr'><strong>qui</strong></span> <span class='ocrx_word' id='word_1_184' title='bbox 487 3718 565 3768; x_wconf 83' lang='lat' dir='ltr'><strong>civem</strong></span> <span class='ocrx_word' id='word_1_185' title='bbox 575 3728 701 3776; x_wconf 70' lang='lat' dir='ltr'><strong>serruser,</strong></span> <span class='ocrx_word' id='word_1_186' title='bbox 710 3728 735 3768; x_wconf 81' lang='lat' dir='ltr'><strong>et</strong></span> <span class='ocrx_word' id='word_1_187' title='bbox 745 3725 780 3768; x_wconf 75' lang='lat' dir='ltr'><strong>rr·-</strong></span> <span class='ocrx_word' id='word_1_188' title='bbox 831 3734 855 3767; x_wconf 85' lang='lat' dir='ltr'><strong>r.</strong></span> <span class='ocrx_word' id='word_1_189' title='bbox 865 3718 955 3784; x_wconf 78' lang='lat' dir='ltr'><strong>Hygin.</strong></span> <span class='ocrx_word' id='word_1_190' title='bbox 968 3720 1015 3768; x_wconf 78' lang='lat' dir='ltr'><strong>leb.</strong></span> <span class='ocrx_word' id='word_1_191' title='bbox 1029 3720 1083 3768; x_wconf 75' lang='lat'>160.</span> <span class='ocrx_word' id='word_1_192' title='bbox 1106 3718 1252 3769; x_wconf 75' lang='lat' dir='ltr'><strong>Mternutim</strong></span> <span class='ocrx_word' id='word_1_193' title='bbox 1262 3719 1335 3784; x_wconf 77' lang='lat' dir='ltr'><strong>igitur</strong></span> 
     </span>
    </p>

    <p class='ocr_par' dir='ltr' id='par_1_11' title="bbox 280 3792 1334 3857">
     <span class='ocr_line' id='line_1_29' title="bbox 280 3792 1334 3857; baseline -0.001 -15"><span class='ocrx_word' id='word_1_194' title='bbox 280 3796 331 3842; x_wconf 78' lang='lat' dir='ltr'><strong>vica</strong></span> <span class='ocrx_word' id='word_1_195' title='bbox 347 3793 478 3843; x_wconf 71' lang='lat' dir='ltr'><strong>dicebatur.</strong></span> <span class='ocrx_word' id='word_1_196' title='bbox 510 3794 575 3842; x_wconf 86' lang='lat' dir='ltr'><strong>Hinc</strong></span> <span class='ocrx_word' id='word_1_197' title='bbox 589 3793 673 3842; x_wconf 72' lang='lat' dir='ltr'><strong>civice</strong></span> <span class='ocrx_word' id='word_1_198' title='bbox 689 3808 781 3843; x_wconf 68' lang='lat' dir='ltr'><strong>corono</strong></span> <span class='ocrx_word' id='word_1_199' title='bbox 831 3792 1334 3857; x_wconf 78' lang='lat' dir='ltr'><strong>inportlcu‚interuneurqurmquecolum·</strong></span> 
     </span>
    </p>

    <p class='ocr_par' dir='ltr' id='par_1_12' title="bbox 282 3864 1335 3932">
     <span class='ocr_line' id='line_1_30' title="bbox 282 3864 1335 3932; baseline 0 -16"><span class='ocrx_word' id='word_1_200' title='bbox 282 3866 392 3924; x_wconf 82' lang='lat' dir='ltr'><strong>militum,</strong></span> <span class='ocrx_word' id='word_1_201' title='bbox 402 3866 498 3917; x_wconf 79' lang='lat' dir='ltr'><strong>virtutis</strong></span> <span class='ocrx_word' id='word_1_202' title='bbox 506 3867 600 3932; x_wconf 71' lang='lat' dir='ltr'><strong>insigne</strong></span> <span class='ocrx_word' id='word_1_203' title='bbox 614 3867 781 3918; x_wconf 75' lang='lat' dir='ltr'><strong>elninimum.</strong></span> <span class='ocrx_word' id='word_1_204' title='bbox 831 3880 916 3914; x_wconf 75' lang='lat' dir='ltr'><strong>nurum</strong></span> <span class='ocrx_word' id='word_1_205' title='bbox 925 3864 1021 3931; x_wconf 79' lang='lat' dir='ltr'><strong>riguum</strong></span> <span class='ocrx_word' id='word_1_206' title='bbox 1030 3864 1127 3931; x_wconf 84' lang='lat' dir='ltr'><strong>uliquod</strong></span> <span class='ocrx_word' id='word_1_207' title='bbox 1139 3866 1278 3915; x_wconf 71' lang='lat' dir='ltr'><strong>Danaidum</strong></span> <span class='ocrx_word' id='word_1_208' title='bbox 1289 3867 1335 3917; x_wconf 78' lang='lat' dir='ltr'><strong>fuir</strong></span> 
     </span>
    </p>

    <p class='ocr_par' dir='ltr' id='par_1_13' title="bbox 281 3938 1333 4007">
     <span class='ocr_line' id='line_1_31' title="bbox 281 3938 1333 4007; baseline 0 -18"><span class='ocrx_word' id='word_1_209' title='bbox 281 3940 347 3990; x_wconf 82' lang='lat' dir='ltr'><strong>Illud</strong></span> <span class='ocrx_word' id='word_1_210' title='bbox 354 3940 494 3997; x_wconf 71' lang='lat' dir='ltr'><strong>notandum,</strong></span> <span class='ocrx_word' id='word_1_211' title='bbox 499 3940 602 3990; x_wconf 77' lang='lat' dir='ltr'><strong>ciricum</strong></span> <span class='ocrx_word' id='word_1_212' title='bbox 607 3956 719 3990; x_wconf 78' lang='lat' dir='ltr'><strong>coruum</strong></span> <span class='ocrx_word' id='word_1_213' title='bbox 726 3941 781 4007; x_wconf 80' lang='lat' dir='ltr'><strong>ilig·</strong></span> <span class='ocrx_word' id='word_1_214' title='bbox 831 3938 983 3995; x_wconf 76' lang='lat' dir='ltr'><strong>collocatum.</strong></span> <span class='ocrx_word' id='word_1_215' title='bbox 993 3938 1020 3987; x_wconf 90' lang='lat' dir='ltr'><strong>in</strong></span> <span class='ocrx_word' id='word_1_216' title='bbox 1030 3941 1079 3989; x_wconf 78' lang='lat' dir='ltr'><strong>sliu</strong></span> <span class='ocrx_word' id='word_1_217' title='bbox 1092 3948 1159 4005; x_wconf 78' lang='lat' dir='ltr'><strong>peter</strong></span> <span class='ocrx_word' id='word_1_218' title='bbox 1170 3940 1270 3991; x_wconf 73' lang='lat' dir='ltr'><strong>Dentur</strong></span> <span class='ocrx_word' id='word_1_219' title='bbox 1279 3940 1333 3989; x_wconf 83' lang='lat' dir='ltr'><strong>stri·</strong></span> 
     </span>
    </p>

    <p class='ocr_par' dir='ltr' id='par_1_14' title="bbox 280 4013 1334 4081">
     <span class='ocr_line' id='line_1_32' title="bbox 280 4013 1334 4081; baseline 0.001 -19"><span class='ocrx_word' id='word_1_220' title='bbox 280 4030 336 4063; x_wconf 76' lang='lat' dir='ltr'><strong>nem</strong></span> <span class='ocrx_word' id='word_1_221' title='bbox 350 4014 427 4080; x_wconf 89' lang='lat' dir='ltr'><strong>primo</strong></span> <span class='ocrx_word' id='word_1_222' title='bbox 437 4014 525 4073; x_wconf 73' lang='lat' dir='ltr'><strong>ruine3</strong></span> <span class='ocrx_word' id='word_1_223' title='bbox 540 4022 624 4079; x_wconf 78' lang='lat' dir='ltr'><strong>portes</strong></span> <span class='ocrx_word' id='word_1_224' title='bbox 638 4014 716 4081; x_wconf 75' lang='lat' dir='ltr'><strong>mugi·</strong></span> <span class='ocrx_word' id='word_1_225' title='bbox 730 4015 782 4081; x_wconf 80' lang='lat' dir='ltr'><strong>plu·</strong></span> <span class='ocrx_word' id='word_1_226' title='bbox 830 4021 871 4062; x_wconf 84' lang='lat' dir='ltr'><strong>cto</strong></span> <span class='ocrx_word' id='word_1_227' title='bbox 881 4028 947 4070; x_wconf 82' lang='lat' dir='ltr'><strong>eure,</strong></span> <span class='ocrx_word' id='word_1_228' title='bbox 955 4014 1023 4077; x_wconf 79' lang='lat' dir='ltr'><strong>quasi</strong></span> <span class='ocrx_word' id='word_1_229' title='bbox 1032 4013 1093 4063; x_wconf 78' lang='lat' dir='ltr'><strong>filiu</strong></span> <span class='ocrx_word' id='word_1_230' title='bbox 1105 4013 1136 4063; x_wconf 83' lang='lat' dir='ltr'><strong>ed</strong></span> <span class='ocrx_word' id='word_1_231' title='bbox 1147 4013 1238 4063; x_wconf 72' lang='lat' dir='ltr'><strong>codem</strong></span> <span class='ocrx_word' id='word_1_232' title='bbox 1249 4014 1334 4081; x_wconf 77' lang='lat' dir='ltr'><strong>impel-</strong></span> 
     </span>
    </p>

    <p class='ocr_par' dir='ltr' id='par_1_15' title="bbox 281 4087 1041 4153">
     <span class='ocr_line' id='line_1_33' title="bbox 281 4087 1041 4153; baseline 0 -16"><span class='ocrx_word' id='word_1_233' title='bbox 281 4087 617 4138; x_wconf 75' lang='lat' dir='ltr'><strong>cuireresculolorirecra.</strong></span> <span class='ocrx_word' id='word_1_234' title='bbox 649 4090 781 4153; x_wconf 62' lang='lat' dir='ltr'><strong>ugernu-</strong></span> <span class='ocrx_word' id='word_1_235' title='bbox 831 4088 892 4137; x_wconf 76' lang='lat' dir='ltr'><strong>leur.</strong></span> <span class='ocrx_word' id='word_1_236' title='bbox 925 4087 1041 4137; x_wconf 81' lang='lat' dir='ltr'><strong>Hrurrr.</strong></span> 
     </span>
    </p>

    <p class='ocr_par' dir='ltr' id='par_1_16' title="bbox 279 4161 1225 4228">
     <span class='ocr_line' id='line_1_34' title="bbox 279 4161 1225 4228; baseline 0.002 -19"><span class='ocrx_word' id='word_1_237' title='bbox 279 4170 329 4209; x_wconf 80' lang='lat' dir='ltr'><strong>reru</strong></span> <span class='ocrx_word' id='word_1_238' title='bbox 339 4161 399 4228; x_wconf 82' lang='lat' dir='ltr'><strong>ejus,</strong></span> <span class='ocrx_word' id='word_1_239' title='bbox 406 4161 449 4227; x_wconf 89' lang='lat' dir='ltr'><strong>qui</strong></span> <span class='ocrx_word' id='word_1_240' title='bbox 458 4161 536 4211; x_wconf 76' lang='lat' dir='ltr'><strong>civice</strong></span> <span class='ocrx_word' id='word_1_241' title='bbox 545 4176 632 4210; x_wconf 77' lang='lat' dir='ltr'><strong>corone</strong></span> <span class='ocrx_word' id='word_1_242' title='bbox 641 4162 781 4220; x_wconf 65' lang='lat' dir='ltr'><strong>docebatur,</strong></span> <span class='ocrx_word' id='word_1_243' title='bbox 864 4161 950 4209; x_wconf 83' lang='lat' dir='ltr'><strong>Srn&#39;cro</strong></span> <span class='ocrx_word' id='word_1_244' title='bbox 960 4163 1070 4211; x_wconf 78' lang='lat' dir='ltr'><strong>barbarus</strong></span> <span class='ocrx_word' id='word_1_245' title='bbox 1078 4178 1129 4211; x_wconf 78' lang='lat' dir='ltr'><strong>eurr</strong></span> <span class='ocrx_word' id='word_1_246' title='bbox 1137 4162 1225 4225; x_wconf 72' lang='lat' dir='ltr'><strong>paren]</strong></span> 
     </span>
    </p>

    <p class='ocr_par' dir='ltr' id='par_1_17' title="bbox 280 4234 1237 4302">
     <span class='ocr_line' id='line_1_35' title="bbox 280 4234 1237 4302; baseline 0.001 -20"><span class='ocrx_word' id='word_1_247' title='bbox 280 4235 353 4299; x_wconf 77' lang='lat' dir='ltr'><strong>legito</strong></span> <span class='ocrx_word' id='word_1_248' title='bbox 363 4235 427 4302; x_wconf 81' lang='lat' dir='ltr'><strong>apud</strong></span> <span class='ocrx_word' id='word_1_249' title='bbox 437 4236 501 4285; x_wconf 85' lang='lat' dir='ltr'><strong>Plin.</strong></span> <span class='ocrx_word' id='word_1_250' title='bbox 508 4235 569 4284; x_wconf 89' lang='lat' dir='ltr'><strong>libro</strong></span> <span class='ocrx_word' id='word_1_251' title='bbox 578 4235 678 4302; x_wconf 78' lang='lat' dir='ltr'><strong>rvi.csp</strong></span> <span class='ocrx_word' id='word_1_252' title='bbox 688 4238 712 4284; x_wconf 88' lang='grc'><strong>4.</strong></span> <span class='ocrx_word' id='word_1_253' title='bbox 729 4235 780 4287; x_wconf 86' lang='lat' dir='ltr'><strong>Alii</strong></span> <span class='ocrx_word' id='word_1_254' title='bbox 929 4234 1040 4285; x_wconf 77' lang='lat' dir='ltr'><strong>Potuitne</strong></span> <span class='ocrx_word' id='word_1_255' title='bbox 1048 4238 1145 4285; x_wconf 76' lang='lat' dir='ltr'><strong>ultricia</strong></span> <span class='ocrx_word' id='word_1_256' title='bbox 1156 4236 1237 4284; x_wconf 74' lang='lat' dir='ltr'><strong>Graiis</strong></span> 
     </span>
    </p>

    <p class='ocr_par' dir='ltr' id='par_1_18' title="bbox 280 4308 1334 4447">
     <span class='ocr_line' id='line_1_36' title="bbox 280 4308 1334 4375; baseline -0.003 -19"><span class='ocrx_word' id='word_1_257' title='bbox 280 4308 364 4373; x_wconf 82' lang='lat' dir='ltr'><strong>legunt</strong></span> <span class='ocrx_word' id='word_1_258' title='bbox 373 4327 442 4358; x_wconf 80' lang='lat' dir='ltr'><strong>roura</strong></span> <span class='ocrx_word' id='word_1_259' title='bbox 452 4312 603 4372; x_wconf 74' lang='lat' dir='ltr'><strong>superposite.</strong></span> <span class='ocrx_word' id='word_1_260' title='bbox 865 4309 998 4375; x_wconf 68' lang='lat' dir='ltr'><strong>Verginium</strong></span> <span class='ocrx_word' id='word_1_261' title='bbox 1012 4312 1068 4359; x_wconf 80' lang='lat' dir='ltr'><strong>dure</strong></span> <span class='ocrx_word' id='word_1_262' title='bbox 1085 4311 1131 4358; x_wconf 75' lang='lat' dir='ltr'><strong>tela</strong></span> <span class='ocrx_word' id='word_1_263' title='bbox 1140 4318 1215 4371; x_wconf 82' lang='lat' dir='ltr'><strong>puter,</strong></span> <span class='ocrx_word' id='word_1_264' title='bbox 1226 4310 1334 4369; x_wconf 67' lang='lat' dir='ltr'><strong>deturque</strong></span> 
     </span>
     <span class='ocr_line' id='line_1_37' title="bbox 313 4382 1039 4447; baseline 0.001 -16"><span class='ocrx_word' id='word_1_265' title='bbox 313 4384 354 4431; x_wconf 82' lang='lat'><strong>59.</strong></span> <span class='ocrx_word' id='word_1_266' title='bbox 370 4384 430 4431; x_wconf 75' lang='lat' dir='ltr'><strong>Pari</strong></span> <span class='ocrx_word' id='word_1_267' title='bbox 439 4384 538 4447; x_wconf 70' lang='lat' dir='ltr'><strong>unare]</strong></span> <span class='ocrx_word' id='word_1_268' title='bbox 559 4383 615 4433; x_wconf 73' lang='lat' dir='ltr'><strong>Peri</strong></span> <span class='ocrx_word' id='word_1_269' title='bbox 630 4382 721 4439; x_wconf 84' lang='lat' dir='ltr'><strong>ordine,</strong></span> <span class='ocrx_word' id='word_1_270' title='bbox 732 4398 781 4447; x_wconf 89' lang='lat' dir='ltr'><strong>quo</strong></span> <span class='ocrx_word' id='word_1_271' title='bbox 845 4391 848 4395; x_wconf 83' lang='grc'><em>“</em></span> <span class='ocrx_word' id='word_1_272' title='bbox 927 4385 1039 4440; x_wconf 67' lang='lat' dir='ltr'><strong>dolonn,</strong></span> 
     </span>
    </p>

    <p class='ocr_par' dir='ltr' id='par_1_19' title="bbox 279 4452 1334 4598">
     <span class='ocr_line' id='line_1_38' title="bbox 279 4452 1334 4523; baseline -0.003 -18"><span class='ocrx_word' id='word_1_273' title='bbox 279 4472 322 4523; x_wconf 87' lang='lat' dir='ltr'><strong>per</strong></span> <span class='ocrx_word' id='word_1_274' title='bbox 332 4458 416 4506; x_wconf 83' lang='lat' dir='ltr'><strong>urbem</strong></span> <span class='ocrx_word' id='word_1_275' title='bbox 426 4458 542 4507; x_wconf 73' lang='lat' dir='ltr'><strong>hactenns</strong></span> <span class='ocrx_word' id='word_1_276' title='bbox 551 4457 644 4507; x_wconf 82' lang='lat' dir='ltr'><strong>incessi.</strong></span> <span class='ocrx_word' id='word_1_277' title='bbox 862 4452 1334 4523; x_wconf 73' lang='lat' dir='ltr'><strong>Sanguineucurorjrruerrumprrsundrre</strong></span> 
     </span>
     <span class='ocr_line' id='line_1_39' title="bbox 311 4530 1025 4598; baseline -0.003 -17"><span class='ocrx_word' id='word_1_278' title='bbox 311 4532 353 4581; x_wconf 83' lang='grc'><strong>60.</strong></span> <span class='ocrx_word' id='word_1_279' title='bbox 375 4531 465 4581; x_wconf 70' lang='lat' dir='ltr'><strong>latomi</strong></span> <span class='ocrx_word' id='word_1_280' title='bbox 481 4532 547 4596; x_wconf 73' lang='lat' dir='ltr'><strong>Dei]</strong></span> <span class='ocrx_word' id='word_1_281' title='bbox 571 4530 692 4598; x_wconf 80' lang='lat' dir='ltr'><strong>Apollinis</strong></span> <span class='ocrx_word' id='word_1_282' title='bbox 707 4530 779 4597; x_wconf 81' lang='lat' dir='ltr'><strong>Cupi·</strong></span> <span class='ocrx_word' id='word_1_283' title='bbox 926 4532 1025 4581; x_wconf 76' lang='lat' dir='ltr'><strong>romnus!</strong></span> 
     </span>
    </p>

    <p class='ocr_par' dir='ltr' id='par_1_20' title="bbox 278 4599 1333 4671">
     <span class='ocr_line' id='line_1_40' title="bbox 278 4599 1333 4671; baseline -0.007 -16"><span class='ocrx_word' id='word_1_284' title='bbox 278 4604 356 4655; x_wconf 77' lang='lat' dir='ltr'><strong>tolini.</strong></span> <span class='ocrx_word' id='word_1_285' title='bbox 383 4606 597 4655; x_wconf 68' lang='lat' dir='ltr'><strong>Men-Condicio</strong></span> <span class='ocrx_word' id='word_1_286' title='bbox 611 4614 780 4671; x_wconf 77' lang='lat' dir='ltr'><strong>proptermtr·</strong></span> <span class='ocrx_word' id='word_1_287' title='bbox 830 4604 976 4663; x_wconf 69' lang='lat' dir='ltr'><strong>Stet.&#39;l&#39;lreb.</strong></span> <span class='ocrx_word' id='word_1_288' title='bbox 985 4605 1031 4653; x_wconf 89' lang='lat' dir='ltr'><strong>lib.</strong></span> <span class='ocrx_word' id='word_1_289' title='bbox 1039 4602 1127 4651; x_wconf 72' lang='lat' dir='ltr'><strong>ulli.</strong></span> <span class='ocrx_word' id='word_1_290' title='bbox 1148 4599 1333 4665; x_wconf 78' lang='lat' dir='ltr'><strong>HiucAEsclryl.</strong></span> 
     </span>
    </p>
   </div>
   <div class='ocr_carea' id='block_1_4' title="bbox 0 0 1810 5967">
    <p class='ocr_par' dir='ltr' id='par_1_21' title="bbox 0 0 1810 5967">
     <span class='ocr_line' id='line_1_41' title="bbox 0 0 1810 5967; baseline 0 4"><span class='ocrx_word' id='word_1_291' title='bbox 0 0 1810 5967; x_wconf 95' lang='lat' dir='ltr'><strong> </strong></span> 
     </span>
    </p>
   </div>
  </div>
 </body>
</html>
