3609 5967
427 760 520 828 -srs
753 714 1217 860 P.ov1D11Nssouls

453 934 505 1010 Et
521 933 694 1009 dedimus
712 929 867 1027 tragicis
884 926 1070 1026 scriptum
1086 929 1214 1024 regule
1231 930 1446 1022 cothurnis3

504 1049 677 1148 Quaeque
693 1047 822 1144 gravis.
832 1046 949 1121 debet
964 1046 1082 1119 verbe
1096 1047 1303 1121 cothurnus
1322 1048 1458 1123 habet:

452 1162 644 1263 Dictaque
658 1173 748 1237 sunt
760 1161 883 1247 nobis,
897 1160 1071 1257 quamvis
1086 1183 1221 1235 munus
1235 1162 1369 1237 ultima
1377 1173 1503 1262 coepto

503 1280 647 1365 Defuit,
667 1276 707 1352 in
722 1277 838 1356 facies
855 1300 1015 1375 corpore
1030 1300 1140 1353 versa
1155 1301 1284 1353 novus.
1429 1284 1501 1353 556

450 1396 579 1495 Atque
596 1395 743 1469 utinam
761 1417 914 1468 revoces
931 1393 1099 1469 animum
1116 1393 1307 1492 paulisper
1324 1394 1373 1467 ab
1390 1394 1457 1481 ira,

503 1512 554 1588 Et
570 1537 689 1588 vacuo
703 1512 839 1610 jubeas
858 1509 946 1584 hine
965 1510 1035 1585 tibi
1056 1533 1180 1608 pauca
1197 1510 1294 1604 legi!
1369 1544 1370 1547 ¹

452 1630 595 1717 Pauca,
615 1629 753 1727 quibus
772 1627 894 1726 prima
911 1650 1070 1722 surgens
1088 1626 1137 1700 ab
1154 1626 1298 1723 origine
1314 1626 1457 1713 mnndi,

503 1745 550 1818 ln
567 1756 634 1818 tua
650 1743 792 1818 deduxi
811 1752 995 1840 tempora,
1016 1740 1159 1827 Caessr,
1178 1765 1300 1840 opus:
1388 1751 1399 1765 ⁸
1429 1746 1502 1816 560

451 1859 668 1960 Adspicias,
687 1868 873 1957 quantum
891 1856 1043 1932 dederis
1062 1856 1154 1930 mihi
1172 1856 1337 1955 pectoris
1355 1855 1449 1956 ipse,

503 1976 667 2074 Quoque
683 1974 808 2050 favore
827 1975 941 2048 animi
959 1985 1074 2073 teque
1092 1958 1256 2072 tuosque
1274 1997 1420 2048 canam.

452 2090 490 2166 N
492 2116 541 2165 on
559 2115 630 2186 ego
648 2089 815 2201 mordaci
832 2089 1017 2163 destrinxi
1032 2089 1198 2163 carmine
1216 2113 1459 2187 quemquam,

504 2207 540 2280 N
543 2231 587 2281 ec
605 2231 713 2281 meus
731 2206 844 2281 ullius
862 2206 1020 2281 erimina
1035 2230 1166 2279 versus
1183 2205 1311 2281 habet.

454 2304 651 2396 Candidus
669 2345 692 2394 a
708 2319 850 2394 salibus
872 2321 1026 2394 suffusis
1043 2319 1132 2395 selle
1149 2320 1291 2417 refugi3
1429 2323 1501 2396 565

503 2437 540 2509 N
543 2437 620 2510 ulia
636 2446 822 2510 venenato
839 2436 950 2511 litera
966 2435 1080 2509 mista
1091 2437 1180 2533 joco
1197 2444 1269 2510 est.

376 2612 383 2623 .
455 2550 561 2626 Inter
579 2562 636 2626 tot
654 2551 798 2650 populi,
817 2560 876 2623 tot
894 2549 1026 2649 scripti
1045 2550 1163 2624 millia
1179 2550 1310 2637 nostri,

503 2667 627 2752 Quem
645 2691 731 2742 mes
749 2666 923 2765 Calliope
941 2667 1092 2754 laeserit,
1111 2692 1209 2742 unus
1227 2691 1311 2764 ego.

452 2783 542 2859 Non
560 2784 672 2882 igitur
688 2784 827 2858 nostris
847 2784 965 2857 ullum
983 2783 1149 2880 gaudere
1168 2781 1355 2866 Quiritem

502 2899 688 2997 Auguror,
708 2910 747 2973 at
765 2900 905 2974 multos
923 2899 1142 2986 indoluisse,
1161 2899 1283 2973 malis,
1427 2902 1501 2972 570

454 3015 491 3087 N
494 3016 826 3091 ecmihicredibile
837 3007 1342 3114 estquemquaminsultasse
1343 3013 1501 3112 jacenti,

502 3132 638 3207 Gratia
653 3116 812 3206 candori
824 3132 857 3205 si
875 3156 953 3230 qus
969 3131 1089 3206 relata
1105 3154 1189 3204 meo
1206 3138 1278 3203 est.
1308 3142 1310 3145 ’

449 3346 491 3396 per
505 3330 642 3395 scripsimus
656 3332 747 3418 grande
757 3348 830 3418 opus,
841 3341 867 3382 st
875 3331 948 3419 illud,
996 3328 1051 3395 jicit
1062 3327 1175 3378 Heinsius
1186 3333 1266 3412 tincta.
1291 3327 1500 3393 Pssimodospsd

580 3406 951 3470 Μ
1000 3401 1500 3542 Qu

449 3548 539 3605 effecit,
550 3557 635 3598 utnon
648 3549 790 3614 perpolitum
801 3566 854 3608 nec,
871 3552 897 3600 in
910 3567 949 3600 re·
1000 3567 1054 3616 que
1070 3552 1096 3600 in
1115 3551 1249 3600 chreston.
1267 3550 1353 3600 Graes
1369 3559 1435 3616 poet.
1455 3551 1498 3600 ob-

447 3620 522 3707 iiquis
537 3618 604 3671 libris
623 3620 709 3670 ultima
727 3621 785 3671 lima
803 3638 850 3672 non
866 3623 950 3674 addita
1000 3623 1102 3673 semovi.
1135 3625 1249 3673 Hesus.

448 3705 567 3761 integrum
588 3694 721 3745 ederetur.”
757 3695 798 3745 De
818 3696 950 3747 mutatione
1032 3698 1089 3746 567.
1106 3698 1184 3746 Iocus
1192 3704 1375 3762 sstcorrnptus:
1393 3698 1501 3745 stnillis

448 3769 615 3834 inscriptionis,
641 3768 710 3834 qussi
737 3779 809 3819 entes
830 3769 949 3835 Augusto,
999 3772 1088 3833 scripti,
1099 3786 1141 3835 pro
1152 3768 1230 3818 millis
1238 3767 1380 3827 carminum,
1390 3785 1438 3819 nos
1448 3768 1500 3835 pls-

448 3841 514 3899 dein,
524 3850 616 3892 nmmo
629 3843 736 3902 consilio,
747 3844 893 3895 Germanico
905 3846 949 3895 de·
999 3851 1063 3894 cent.
1072 3844 1155 3893 Burm.
1166 3843 1282 3908 conjicit:
1300 3846 1372 3892 curtii
1383 3853 1415 3892 tot
1427 3845 1501 3892 sutilis
1584 3892 1593 3909 .

448 3916 561 3974 dicsssst,
576 3933 613 3967 res
626 3917 729 3967 difficilis
743 3927 788 3976 est,
804 3928 832 3967 ut
843 3919 894 3985 jsm
907 3921 950 3969 do·
999 3919 1081 3974 nostri,
1090 3916 1115 3965 id
1128 3923 1174 3973 est,
1185 3916 1274 3982 poetici
1283 3916 1356 3966 studii
1366 3926 1499 3967 consorte:

447 3989 848 4058 cuitBurmsnnus,costrsqnem
866 3992 950 4058 dispu·
999 3989 1083 4039 melior
1108 4005 1165 4039 sane
1194 4000 1232 4038 est
1255 3989 1399 4048 emendetis,
1426 4006 1499 4056 quum

448 4071 485 4113 tst
494 4063 526 4113 ci.
534 4063 658 4114 Schimch.
673 4065 738 4116 elon.
750 4075 812 4132 port.
821 4076 882 4131 post.
892 4083 949 4137 pag.
999 4062 1106 4112 Heinsiir
1126 4056 1192 4112 iuter
1206 4065 1267 4111 eruin
1276 4066 1355 4126 prpuli
1367 4074 1400 4113 tot
1410 4067 1500 4129 scriptis

448 4138 505 4187 250.
539 4132 653 4186 Hsnurs.
997 4139 1071 4186 milda
1081 4141 1170 4187 nutris
1204 4137 1316 4187 Hism-

479 4212 537 4261 553.
553 4209 682 4276 Scripserst
697 4212 847 4277 mgoedism,
858 4213 949 4262 Medea
1029 4211 1086 4261 571.
1109 4211 1247 4275 Quemquam
1261 4212 1375 4260 imuttsrs
1382 4212 1498 4278 jacente]

446 4285 591 4350 inscriptum,
599 4300 713 4349 quarere
720 4284 816 4334 interiit.
833 4287 948 4336 Hsunss.
997 4284 1123 4334 lmultssse
1135 4285 1252 4334 meliores.

480 4360 538 4410 500.
553 4357 656 4407 Adludit
667 4357 699 4407 sd
714 4357 856 4424 principium
865 4361 947 4409 Metu·
1028 4359 1084 4424 0οχ
1093 4358 1148 4419 ὁσίη
1159 4358 1315 4424 κταμένοισιν
1328 4358 1366 4409 ἐπ’
1378 4356 1499 4425 ἀνδράσιν

446 4432 609 4499 morphoseon.
642 4432 754 4481 Hsnnss.
1062 4430 1241 4497 ιὺχιτάασθαι;
1371 4452 1378 4474 ¹

474 4507 530 4555 566.
540 4505 635 4569 Mirm]
646 4504 751 4564 Quidem
758 4506 853 4563 vetusti,
859 4508 946 4563 mucra,
996 4506 1095 4556 Homer.
1104 4506 1193 4572 Odyss.
1204 4524 1229 4556 s.
1239 4523 1289 4557 rer.
1297 4507 1354 4555 412.

426 4571 484 4627 ‘sei
486 4582 588 4640 junctu:
607 4579 670 4629 unde
680 4578 745 4628 houd
755 4577 880 4629 invenuste
889 4594 945 4629 con·
1028 4579 1085 4630 572.
1108 4579 1161 4629 Meo
1174 4579 1291 4643 mederi]
1320 4579 1427 4630 Verbum
1443 4595 1499 4629 ess·
