3609 5967
494 689 559 753 114
786 687 826 753 Ρ.
849 684 1011 753 ovlnll
1035 683 1247 751 NASONIS

499 861 574 936 Sed
603 861 690 936 bibe
715 860 801 959 plus
824 861 951 947 etiam,
973 884 1086 958 quum
1109 858 1212 957 quod
1238 859 1444 957 proeeordia
1467 882 1535 956 po·

548 976 711 1052 Gutture
723 976 781 1052 foc
795 979 907 1075 pleno
921 987 1046 1051 sumta
1058 974 1243 1069 redundet
1255 999 1365 1073 aqua.
1384 976 1535 1071 [sountz

499 1091 694 1168 Perfruere
711 1117 832 1192 usque
848 1094 925 1180 tud,
944 1093 1047 1167 nullo
1064 1093 1299 1191 prohibente,
1318 1092 1457 1191 puelld.

549 1208 621 1283 Illa
636 1210 706 1284 tibi
722 1220 853 1285 noctes
871 1208 1026 1295 auferat,
1044 1207 1109 1285 illu
1124 1208 1219 1283 dies.

499 1323 628 1402 Taedia
644 1351 784 1425 qnoere.
813 1326 921 1401 malis
938 1324 1080 1401 faciunt
1095 1335 1134 1401 et
1151 1323 1265 1399 taedia
1279 1324 1405 1399 finem.
1462 1326 1536 1397 539

549 1439 573 1513 J
575 1465 636 1515 am
653 1465 819 1540 quoque,
837 1465 925 1517 cum
941 1441 1073 1518 credas
1093 1464 1205 1539 posse
1221 1463 1361 1527 carere,
1379 1462 1501 1517 mane.

500 1555 602 1631 Dum
620 1558 717 1633 bene
734 1567 772 1632 te
789 1558 972 1644 cumules,
988 1568 1027 1632 et
1043 1557 1154 1657 copia
1170 1557 1279 1632 tollat
1294 1579 1479 1643 amorem

550 1671 583 1745 E
601 1671 770 1748 fastidito
787 1697 863 1747 non
875 1675 984 1771 juvet
999 1675 1075 1748 isse
1092 1672 1216 1747 domo.

502 1786 562 1862 Fit
578 1811 732 1886 quoque
749 1788 883 1886 longus
901 1813 1017 1876 amor,
1036 1812 1151 1887 quem
1161 1786 1374 1892 ‚diffidentia
1389 1785 1518 1861 nutrit.

553 1902 664 1978 Hunc
682 1902 772 1977 tusi
791 1929 937 2003 quaeres
954 1929 1115 2004 ponere;
1143 1928 1242 2003 pone
1259 1912 1414 1983 metum.
1463 1903 1536 1976 544

500 2018 576 2105 Qui
593 2019 713 2108 timet,
730 2030 771 2095 ut
788 2046 857 2097 sua
873 2021 934 2109 sit,
949 2046 1022 2099 nou
1037 2023 1123 2121 quis
1141 2021 1211 2097 sibi
1225 2020 1400 2099 detrahat
1411 2018 1534 2109 illnm3

552 2135 622 2211 Ille
641 2136 867 2213 Machaoniis
885 2137 949 2211 vix
966 2162 1039 2236 ope
1056 2161 1170 2217 sonus
1188 2136 1272 2213 erit.

501 2250 595 2326 Plus
612 2263 714 2326 ornat
729 2277 752 2328 e
769 2252 866 2329 natis
883 2265 1004 2330 mater
1021 2255 1241 2354 plerumque
1257 2251 1417 2337 duobus.

552 2365 628 2441 Pro
644 2370 754 2466 cujus
771 2370 905 2458 reditu,
925 2372 1026 2469 quod
1044 2370 1140 2469 gerit
1156 2393 1270 2456 orma,
1288 2367 1409 2443 timet.

504 2479 575 2555 Est
591 2506 709 2582 prope
728 2484 915 2561 Collinam
933 2487 1115 2585 templum
1132 2482 1342 2561 venerabile
1358 2490 1526 2582 portum:

550 2596 739 2697 Imposuit
754 2602 895 2701 templo
914 2602 1066 2677 nomino
1080 2602 1204 2677 celsus
1223 2599 1340 2698 Eryx.
1467 2601 1540 2672 550

505 2710 576 2788 Est
591 2713 666 2788 illio
686 2713 859 2792 Lethaeus
878 2716 1005 2805 Amor,
1025 2717 1091 2816 qui
1107 2727 1261 2816 pectora
1275 2724 1405 2803 sonat3

555 2827 676 2927 loque
694 2854 781 2906 suas
799 2832 964 2928 gelidam
981 2832 1176 2931 lampados
1193 2831 1300 2909 addit
1316 2854 1466 2929 aquam.

506 2941 589 3018 Illic
607 2955 646 3020 et
657 2946 815 3042 juvenes
828 2948 926 3025 votis
943 2947 1079 3027 oblivia
1095 2958 1277 3046 poscunt:

556 3057 608 3132 Et
624 3060 656 3134 si
674 3071 826 3158 quaest
842 3062 936 3137 duro
952 3074 1064 3162 capta
1080 3064 1208 3162 puella
1223 3063 1313 3137 viro.

507 3171 546 3246 Is
564 3172 654 3248 mihi
671 3174 726 3249 sie
743 3176 861 3251 dixit:
890 3178 1051 3274 (dubito,
1068 3202 1226 3253 verusne
1245 3176 1395 3276 Cupido
1470 3178 1542 3250 555

556 3285 617 3361 An
634 3312 786 3364 somnus
803 3290 937 3383 fuerit3
966 3295 1034 3371 sed
1050 3305 1143 3393 puto
1161 3318 1315 3368 somnus
1332 3290 1444 3387 erat.)

509 3399 544 3473 Ο
563 3403 627 3500 qui
645 3405 824 3481 sollicitos
843 3410 954 3484 modo
971 3411 1053 3499 das,
1071 3411 1183 3485 modo
1200 3408 1334 3496 demis,
1353 3431 1512 3493 amores,

557 3518 692 3616 Adjice
708 3523 909 3622 praeoeptis
926 3526 997 3600 hoo
1014 3549 1177 3625 quoque,
1198 3524 1314 3612 Naso,
1332 3524 1421 3599 tuis.

540 3743 597 3791 545
616 3742 858 3811 Vnopomerit]
876 3746 1001 3806 Aliilibri,
1082 3751 1140 3801 651.
1166 3749 1261 3800 Pectora
1282 3747 1374 3813 sonat]
1403 3746 1470 3796 Fovit
1485 3762 1548 3797 nnus

510 3824 581 3865 tuom
592 3832 661 3875 unm,
668 3820 752 3868 mimo.
765 3819 812 3869 Sed
822 3820 856 3870 nil
866 3831 941 3872 mutu.
956 3823 1003 3872 Ps-
1052 3823 1153 3873 Heinsii.
1165 3826 1262 3873 riorum
1276 3818 1352 3872 unat}
1366 3820 1428 3871 ilion
1437 3837 1502 3878 mox,
1511 3823 1549 3869 ia·

509 3888 611 3947 “Vim
624 3907 692 3942 m
708 3904 766 3943 erat.
783 3894 857 3959 lego,
873 3914 943 3947 sonui
958 3907 1004 3946 sot.
1051 3914 1094 3961 quo
1108 3900 1155 3946 mis
1167 3914 1194 3963 g.
1211 3898 1320 3960 cunpadis
1332 3911 1394 3945 unus
1403 3894 1509 3944 Putem.
1524 3903 1549 3943 et

509 3962 573 4013 Vide
593 3964 670 4015 Nom
691 3966 716 4016 in
740 3967 848 4034 Elegitm
874 3969 906 4019 de
930 3979 1004 4021 morte
1052 3969 1182 4021 hidensis·
1190 3967 1550 4025 tenuvitdimlimndmhn·

510 4035 723 4089 Drutimbfinem.
754 4040 844 4092 Hnss.
1050 4046 1125 4106 posin.
1157 4042 1206 4093 Vm
1224 4055 1292 4110 puto.
1312 4058 1368 4091 nun
1385 4040 1446 4090 solet
1465 4044 1552 4091 addas

542 4112 599 4161 549.
621 4112 662 4161 Est
678 4130 746 4178 prop·
766 4115 879 4165 monn
896 4118 1004 4181 tenplum
1052 4116 1139 4167 Noster
1146 4133 1201 4167 cnm
1208 4116 1403 4184 propositionem
1413 4116 1551 4166 acontius

510 4187 742 4249 wadum.-
757 4184 865 4251 Inposuit
874 4193 1004 4253 inpone-
1050 4190 1159 4257 jungore.
1191 4191 1280 4240 Huni.

510 4261 652 4310 ninantur
665 4260 749 4327 Erpa]
767 4262 864 4313 la'b.iv.
875 4264 940 4313 run
949 4264 1005 4314 871.
1085 4264 1143 4314 557.
1162 4264 1183 4313 0
1198 4267 1238 4330 qui
1249 4260 1373 4325 numu]
1388 4259 1492 4327 Regius,
1507 4263 1550 4310 sot·

511 4334 695 4393 Strabodinvi.
727 4335 798 4386 Cror.
1055 4338 1146 4385 licitus:
1172 4336 1322 4387 scribendum
1348 4334 1417 4394 torte,
1442 4336 1553 4385 sollicitis.

543 4409 688 4459 §accim
696 4409 1005 4476 ErynJVidequenotnvi
1054 4408 1418 4477 scilicetjuvemumetpudus
1452 4409 1540 4459 Bou.

511 4481 910 4551 exPolybioinEpiutolaSnpphns.
930 4485 1006 4535 loru.
