3609 5967
406 760 477 829 EX
500 762 663 829 PONTO
688 760 779 827 LIB.
803 760 874 826 ΙΙΙ.
900 760 1046 828 EPIST.
1069 758 1140 829 IX.
1233 765 1300 832 479

247 930 351 1011 Laeta
367 936 444 1013 fere
462 936 572 1009 laetus
590 932 732 1023 cecini3
762 959 858 1009 cano
876 933 1001 1009 tristia
1017 935 1157 1011 tristis:
1248 936 1298 1013 35
1384 1010 1387 1015 .

296 1052 534 1128 Conveniens
552 1051 656 1151 operi
675 1061 825 1151 tempus
841 1062 1044 1150 utrumque
1063 1078 1132 1127 suo
1150 1067 1220 1128 est.

246 1166 359 1256 Quid,
379 1169 450 1243 nisi
468 1170 517 1241 de
534 1168 623 1241 vitio
643 1168 806 1241 scribam
824 1167 989 1261 regionis
1004 1170 1166 1244 amarael

297 1284 427 1383 thue
447 1285 526 1359 solo
544 1283 681 1357 moriar
701 1283 970 1371 commodiore,
990 1285 1147 1383 precer?

245 1397 371 1483 Quum
388 1402 502 1476 toties
521 1400 656 1475 eadem
674 1399 811 1487 dicam,
827 1400 891 1474 vix
907 1401 1038 1474 audior
1056 1399 1144 1491 ulli;

294 1514 497 1613 Verbaque
515 1514 687 1614 prosectu
706 1512 946 1590 dissimulata
962 1527 1106 1591 carent.
1248 1522 1298 1593 40

245 1627 296 1704 Et
313 1641 450 1725 tamen
475 1632 557 1705 haec
584 1632 718 1713 eadem
745 1654 863 1728 quum
891 1631 978 1720 sint,
998 1657 1073 1707 nun
1099 1632 1298 1715 scribimus

394 1747 534 1823 ladem:

211 1872 214 1880 “
296 1862 460 1961 Unaque
478 1886 546 1960 per
563 1862 692 1960 plures
709 1886 782 1935 vox
801 1884 887 1936 mea
904 1869 1028 1937 tentat
1044 1886 1169 1961 opem.

244 1978 318 2065 An,
338 2004 386 2052 ne
405 1978 464 2052 bis
483 2000 637 2051 sensum
655 1973 774 2051 lector
791 1970 973 2077 reperiret
988 1978 1164 2066 eundern,

295 2096 404 2169 Unus
423 2095 642 2183 amicorum,
663 2093 796 2181 Brute,
812 2096 1002 2193 rogandus
1020 2097 1128 2172 erat?

244 2206 331 2285 Non
349 2208 420 2285 fuit
437 2211 507 2285 hoc
525 2211 642 2300 tanti3
672 2210 847 2285 confesso
865 2211 1064 2309 ignoscite,
1083 2214 1207 2291 docti:
1245 2219 1296 2291 45

292 2326 413 2401 Vilior
430 2338 489 2401 est
506 2326 630 2426 operis
647 2324 749 2401 sama
766 2328 887 2402 salute
905 2351 1003 2401 mea.
1041 2346 1052 2367 ‘

242 2440 420 2541 Denique
437 2430 618 2528 materi‘ae,
638 2462 754 2539 quam
772 2440 858 2539 quis
877 2440 950 2515 sibi
968 2441 1120 2517 finxerit
1136 2444 1231 2543 ipse,

292 2557 459 2633 Arbitrio
476 2559 595 2633 variat
612 2558 733 2633 multa
751 2568 864 2658 poeta
880 2582 962 2633 suo.

243 2674 358 2749 Musa
368 2699 454 2750 mea
464 2687 523 2750 cst
538 2675 654 2750 index
668 2673 825 2748 nimium
836 2697 989 2773 quoqne
999 2696 1088 2748 vera
1098 2677 1293 2770 malorum,

217 2812 226 2823 ·
291 2788 422 2887 Atque
440 2790 666 2889 incorruptae
684 2789 852 2889 pondera
865 2789 975 2865 testis
992 2790 1120 2864 habet.
1245 2800 1296 2870 50

243 2899 326 2979 Nec
344 2902 441 2979 liber
457 2915 499 2979 ut
516 2904 635 2993 fieret,
654 2906 723 2979 sed
742 2903 797 2977 uti
815 2928 884 2978 sua
901 2905 1041 3002 cuique
1058 2906 1212 2983 daretur

291 3017 428 3109 Litera,
448 3010 684 3119 propositum
703 3042 869 3116 curaque
887 3018 1018 3095 nostra
1034 3020 1116 3097 fuit.

240 3133 448 3210 Postmodo
464 3136 657 3223 collectas,
677 3146 883 3234 utcumque
909 3136 991 3212 sine
1007 3139 1152 3227 ordine,
1167 3142 1292 3238 junxi,

291 3250 375 3326 Hoc
392 3276 489 3350 opus
502 3252 666 3327 electum
681 3276 729 3327 ne
746 3250 839 3325 mihi
853 3250 950 3327 sorte
965 3263 1090 3351 putes.
1278 3340 1284 3347 ¹

241 3365 303 3442 Da
318 3368 466 3443 veniam
485 3368 649 3467 scriptis,
669 3391 829 3467 quorum
846 3392 923 3441 non
940 3369 1060 3465 gloria
1076 3370 1186 3446 nobis
1243 3375 1292 3448 55

292 3484 433 3573 Causa,
452 3485 521 3561 sed
538 3485 681 3561 utilitas
699 3485 953 3584 officiumque,
972 3484 1055 3562 fuit.

271 3702 311 3749 40.
324 3700 396 3749 Verba
406 3700 570 3765 dissimulata]
587 3703 669 3753 Verba
679 3718 741 3761 mea,
792 3703 865 3752 etiarn
885 3701 1022 3769 presidium
1049 3701 1193 3767 confugeret
1220 3700 1294 3768 idque

239 3790 292 3839 qne
307 3774 379 3823 amici
389 3772 554 3823 dissimulant:
573 3784 599 3824 et
614 3775 743 3827 ostendunt
791 3777 853 3826 hanc
866 3778 898 3826 ob
914 3792 1021 3835 causam,
1033 3793 1064 3825 ne
1078 3775 1135 3824 mihi
1143 3776 1295 3842 objiceretur,

210 3880 212 3883 -
238 3854 345 3915 autnon
364 3847 483 3913 accepisse
502 3848 585 3897 literas
605 3865 680 3906 meas,
699 3857 743 3899 aut
792 3850 856 3916 quod
878 3850 943 3899 idern
961 3865 1044 3899 sensus
1059 3848 1174 3915 reperitur
1191 3850 1217 3897 in
1234 3850 1295 3899 meis

239 3920 312 3970 verba
329 3936 383 3970 mea
400 3937 446 3970 non
465 3920 621 3971 intellexisse.
657 3923 743 3972 Carent
792 3923 947 3973 carminibus.
980 3924 1077 3973 Mrcrr..

237 3996 351 4061 perfecte
386 3996 451 4054 Quia
476 3995 535 4044 nibil
562 3996 621 4045 mibi
649 3996 742 4064 profici·
824 3999 865 4047 49.
891 3998 934 4045 Eat
950 3999 1048 4045 nimium
1065 4012 1120 4045 nere
1135 4000 1205 4046 indes
1222 4000 1294 4047 mlo·

240 4077 286 4119 trrr.
406 4062 410 4069 ⁴
793 4070 866 4135 man]
885 4070 965 4119 Nimis
982 4086 1036 4120 vere
1053 4070 1117 4119 mela
1133 4084 1188 4120 mea
1204 4068 1295 4121 irminae

274 4144 313 4192 43.
330 4144 398 4193 Anne
409 4144 442 4191 bia
451 4152 479 4191 ut
488 4143 599 4207 unnim]
618 4145 656 4192 An
671 4160 701 4192 aa
710 4146 744 4193 bis
792 4152 817 4194 et
826 4144 931 4209 exponit.

237 4234 325 4269 ammai
346 4226 437 4267 veteres
459 4217 543 4291 majori
559 4233 589 4266 ex
611 4225 695 4283 parte;
717 4227 742 4267 et
824 4218 865 4267 56.
882 4216 1052 4280 marasan]
1071 4217 1136 4276 Quia
1145 4215 1228 4283 scripsi
1238 4230 1294 4265 earn

238 4298 311 4341 recte.
327 4290 417 4341 Harsa.
433 4291 521 4340 Sensus
530 4298 596 4349 esto
606 4292 691 4359 Brute,
698 4291 740 4341 de·
792 4291 823 4340 ob
834 4306 941 4349 cansam,
952 4300 980 4341 nt
987 4289 1113 4340 scribendo
1123 4290 1226 4339 reditum
1239 4305 1293 4353 prn-

237 4364 310 4414 buine
328 4372 421 4416 tanturn
438 4380 513 4415 unum
530 4363 632 4413 amicum
650 4380 741 4429 rogare,
791 4380 907 4415 curarem.
942 4364 1058 4429 Officium.
1087 4365 1156 4413 Etut
1169 4364 1295 4413 inremea

239 4446 265 4488 ut
271 4438 330 4488 mibi
337 4438 503 4505 opitularetur,
509 4454 554 4489 nec
562 4438 593 4489 ad
602 4446 741 4489 ceterorum
791 4438 893 4489 laceram
904 4436 969 4504 quod
979 4437 1064 4487 debeo.
