3609 5967
475 661 541 727 030
770 662 809 727 Ρ.
833 662 996 729 OVIDII
1020 664 1236 729 NASONIS

478 834 528 909 Et
545 836 675 935 pudet,
686 850 725 912 et
738 850 876 927 metuo,
889 863 1115 939 semperque
1131 841 1344 938 eademque
1361 838 1531 937 precari;

529 950 589 1027 Ne
607 954 767 1029 subeant
784 954 909 1031 auimo
926 955 1040 1030 taedia
1052 957 1158 1053 justa
1173 966 1253 1035 tuo.
1475 958 1532 1027 30

476 1066 618 1143 Vemm
627 1069 723 1168 quid
740 1070 901 1146 faciam?
930 1096 989 1145 res
1007 1072 1254 1146 immoderata
1268 1070 1409 1172 cupido
1424 1081 1508 1145 est:

529 1183 590 1259 Da
606 1187 752 1261 veniam
769 1187 872 1275 vitio,
891 1187 1144 1276 mitis'amice,
1163 1212 1260 1261 meo.
1291 1221 1297 1236 ·

479 1300 652 1377 Scribere
670 1327 772 1401 saepe
787 1303 889 1378 aliud
906 1303 1065 1403 cupiens
1082 1304 1238 1378 delabor
1254 1304 1409 1377 eodem:

527 1416 618 1517 Ipsa
635 1420 759 1494 locum
777 1445 845 1519 per
862 1446 902 1496 se
920 1421 1030 1496 litera
1046 1433 1176 1496 nostra
1192 1430 1311 1518 rogat.

479 1532 556 1607 Seu
572 1546 700 1611 tamen
717 1537 874 1612 effectus
887 1538 1063 1613 habitura
1079 1549 1139 1613 est
1151 1537 1289 1635 gratia;
1310 1562 1378 1611 seu
1396 1560 1456 1609 me
1473 1539 1527 1608 35

528 1649 635 1725 Dura
645 1654 757 1749 jubet
773 1653 897 1749 gelido
916 1654 1038 1729 Parca
1055 1656 1127 1728 sub
1144 1679 1218 1729 axe
1236 1654 1351 1741 mori;

478 1764 637 1867 Semper
653 1761 810 1844 inoblita
826 1782 995 1871 repetam
1012 1783 1079 1845 tua
1095 1794 1251 1845 munera
1265 1779 1405 1854 mente,

528 1882 578 1958 Et
594 1909 679 1959 mea
696 1910 757 1961 me
772 1886 885 1961 tellus
902 1888 1032 1963 audiet
1048 1912 1134 1963 esse
1150 1899 1270 1960 tuum.

477 1998 620 2074 Audiet
636 2013 675 2077 et
691 2002 786 2077 coeio
805 2004 931 2102 posita
946 2016 1007 2077 est
1024 2026 1262 2103 quaecunque
1280 2002 1350 2075 sub
1369 2001 1444 2088 iiio,

526 2114 677 2191 Transit
694 2128 822 2193 nostra
837 2116 937 2194 seros
955 2120 986 2192 si
1005 2119 1117 2193 modo
1136 2118 1251 2193 Musa
1268 2118 1400 2193 Getas.
1472 2121 1523 2189 40

478 2228 610 2329 Teque
628 2257 723 2308 meae
740 2258 893 2310 causam
912 2246 1218 2335 servatoremque
1234 2235 1378 2322 salutis,

529 2346 673 2448 Meque
690 2361 799 2425 tuum
817 2353 913 2427 libra
928 2354 1027 2428 norit
1043 2362 1083 2427 et
1098 2378 1172 2429 oere
1189 2352 1324 2449 magis.

509 2568 549 2617 00.
567 2565 684 2616 Habitum
702 2578 735 2617 ort
755 2571 834 2633 gratia
854 2568 972 2635 effectum]
1057 2570 1098 2617 ⁴2.
1122 2568 1224 2633 Mirus]
1248 2569 1336 2617 Sensus
1354 2575 1405 2616 ert.
1427 2566 1470 2615 Me
1488 2567 1525 2615 tui

476 2642 975 2711 ravortuuutupudcmremimpem-
1024 2642 1137 2709 mancipii
1153 2659 1206 2692 asse
1224 2645 1294 2700 norit,
1314 2640 1425 2707 quamvis
1445 2658 1479 2691 u
1499 2650 1524 2691 et

478 2725 544 2765 turus
555 2716 617 2782 quod
628 2718 690 2767 volo.
1025 2716 1087 2767 libra
1093 2717 1315 2785 mancipationiuon
1323 2716 1453 2765 adfuerint.
1474 2716 1523 2765 m·-

510 2794 550 2841 ³8.
567 2792 599 2841 Et
609 2810 659 2842 moa
668 2810 703 2843 m
713 2794 802 2857 ultus-J
823 2792 875 2843 Ρη
890 2808 930 2843 um
940 2794 975 2843 ie·
1025 2808 1070 2841 aar
1084 2808 1140 2841 vero
1155 2807 1212 2840 cum
1227 2792 1332 2840 ablativo
1347 2806 1435 2857 ponera
1448 2789 1526 2840 soient

476 2881 535 2925 rm,
551 2875 576 2917 et
591 2866 670 2917 dicum
687 2879 713 2917 et
732 2868 836 2919 tutabor
853 2867 892 2917 hic
911 2868 974 2934 apud
1024 2866 1104 2917 Latini
1115 2882 1157 2933 pro
1164 2877 1256 2930 pram
1288 2867 1328 2915 De
1340 2863 1525 2931 msudpatioue,

428 3000 435 3011 ·
475 2940 596 2999 uuum.
616 2956 654 2992 me
672 2950 741 2993 tuum
765 2958 824 2999 esre,
845 2942 976 3009 obligatum
1025 2938 1522 3007 quumtlihrmfiebat.v.cajum

476 3014 569 3065 seilicet
583 3015 626 3065 tibi
641 3015 731 3065 meritis
747 3014 857 3065 muiruir
871 3023 896 3065 et
906 3015 976 3065 imru·
1024 3014 1114 3065 lustin.
1123 3014 1142 3061 i.
1153 3016 1178 3064 9.
1189 3022 1214 3064 et
1223 3011 1316 3063 Ernesti
1326 3015 1352 3063 in
1362 3014 1431 3062 clave
1442 3013 1523 3063 Cicer.

476 3088 639 3139 meabilibus.
672 3088 754 3139 Porrr.
824 3111 829 3124 ·
1025 3089 1069 3139 rub
1080 3088 1268 3155 ahimaipium.
1288 3087 1524 3152 Aiiihabentmgis,

509 3164 551 3213 ³9.
566 3164 653 3214 Audiet
672 3174 694 3213 ot
711 3165 773 3238 opio,
789 3162 848 3227 Era]
874 3160 977 3213 Ovidius
1024 3162 1265 3229 quodinterpmtatur
1277 3162 1392 3227 Micyllus
1402 3162 1523 3210 ἐλλειπι·

476 3234 539 3286 hauc
549 3238 610 3301 grui
623 3238 696 3289 animi
710 3246 735 3288 et
747 3236 975 3287 benevolentiam
1022 3242 1072 3297 κῦς
1086 3253 1144 3303 pm:
1162 3236 1234 3287 Norit
1242 3252 1281 3285 me
1291 3236 1368 3302 magis
1382 3246 1450 3285 tuum
1462 3250 1525 3293 esra,

476 3325 540 3360 mam
554 3308 660 3363 imitatur
674 3320 712 3361 ert
721 3328 751 3361 ex
762 3310 976 3362 intransitorium
1023 3326 1096 3377 quam
1109 3311 1131 3360 si
1145 3327 1188 3377 per
1197 3326 1232 3361 m
1241 3326 1271 3363 κ
1286 3311 1372 3361 librum
1382 3319 1460 3361 emtus
1468 3326 1523 3359 nm.

477 3384 572 3451 Virgilii
590 3386 655 3445 loeis,
668 3387 766 3438 AEneid.
779 3386 796 3437 i.
808 3388 856 3437 60'!
869 3404 923 3455 sqq.
934 3386 975 3438 vii.
1025 3386 1138 3436 Herm.
