3609 5967
495 791 731 860 TRISTIUM
754 790 847 857 LIB.
868 791 939 858 ΙΙΙ.
964 791 1102 860 ELEG.
1124 794 1154 860 Ι.
1284 798 1354 865 221

268 970 271 975 ’
299 967 425 1044 Litora
440 966 602 1043 suffusas
621 967 725 1065 quod
742 966 858 1040 habet
874 965 1069 1040 maculosa
1085 965 1231 1056 lituras,
1305 974 1352 1045 15

350 1069 465 1160 Laeslt
482 1109 577 1183 opus
595 1082 773 1181 lacrymis
791 1083 874 1179 ipse
893 1093 1007 1180 poeta
1024 1106 1148 1157 suum.

245 1186 249 1193 ¹
300 1200 342 1274 Si
361 1226 438 1299 qua
453 1200 680 1274 videbuntur
697 1221 789 1273 casu
806 1222 882 1271 non
899 1196 1004 1270 dicta
1020 1198 1150 1285 latine,

348 1315 395 1390 In
413 1340 490 1415 qua
505 1316 709 1402 scribebat,
728 1315 890 1388 barbara
906 1323 1008 1386 terra
1024 1312 1106 1388 fuit.

300 1431 440 1518 Dicite,
458 1433 633 1518 lectores,
653 1431 685 1502 si
703 1455 779 1504 non
797 1453 922 1524 grave,
938 1453 1015 1526 qua
1032 1429 1082 1502 sit
1099 1429 1278 1515 eundum,

349 1545 534 1644 Quasque
552 1553 681 1644 petam
699 1545 810 1619 sedes
828 1544 968 1640 hospes
987 1544 1026 1616 in
1042 1545 1134 1617 urbe
1149 1544 1256 1619 liber.
1303 1550 1354 1618 20

300 1660 396 1736 Haee
415 1662 480 1734 ubi
499 1685 583 1734 sum
601 1660 731 1758 lingua
748 1659 876 1734 furtim
893 1659 1082 1734 titubante
1099 1661 1259 1749 locutus,
1301 1695 1303 1700 ·

353 1776 429 1861 Qui
447 1777 538 1850 mihi
551 1770 796 1864 inonstraret,
815 1776 879 1850 vix
896 1775 968 1851 fuit
988 1801 1099 1863 unus,
1118 1777 1201 1850 iter.

303 1892 354 1965 Dl
372 1892 442 1965 tibi
460 1893 564 1980 dent,
584 1904 711 1967 nostro
730 1884 834 1992 quod
852 1918 927 1967 non
944 1893 1109 1967 tribuere
1127 1892 1287 1992 parenti,

354 2006 522 2081 Molliter
539 2008 577 2081 in
594 2008 718 2106 patria
733 2010 857 2083 vivere
875 2034 989 2108 posse
1006 2010 1092 2084 tua!
1305 2012 1354 2085 24

305 2122 390 2196 Duc
409 2147 497 2221 age:
518 2149 684 2223 namque
702 2149 855 2223 sequor,
868 2124 1041 2223 quamvis
1056 2134 1231 2223 terraque
1244 2127 1355 2200 mari-

354 2237 576 2337 Longinquo
594 2239 755 2314 referam
772 2239 895 2313 lassus
914 2241 962 2314 ab
981 2241 1072 2313 orbe
1090 2240 1241 2338 pedem.
1262 2243 1356 2339 [que

304 2352 457 2443 Paruit3
487 2365 526 2429 et
543 2357 700 2442 ducens,
719 2356 801 2429 haec
820 2365 910 2428 sunt
925 2354 1006 2427 sora
1024 2354 1200 2442 Caesaris,
1212 2356 1353 2454 inquit:

357 2468 451 2543 Haee
469 2480 528 2542 est
545 2494 568 2543 a
584 2471 703 2544 saeris
721 2494 808 2568 quae
825 2471 887 2544 via
904 2494 1042 2543 nomen
1059 2470 1186 2543 habet.

305 2580 382 2655 Hie
399 2583 505 2656 locus
523 2594 582 2656 est
595 2583 737 2670 Vestae,
751 2584 818 2681 qui
836 2583 997 2658 Pallada
1014 2595 1139 2658 servat
1156 2596 1194 2659 et
1211 2584 1355 2681 ignem:

358 2695 433 2771 Hie
449 2696 521 2770 fuit
538 2698 683 2796 antiqui
701 2699 807 2795 regia
823 2721 940 2796 parva
958 2698 1107 2772 Numae.
1308 2705 1359 2774 30

306 2810 403 2886 Inde
421 2822 556 2911 petens
574 2813 761 2901 dextram,
781 2825 891 2912 porta
908 2822 979 2901 est,
999 2813 1064 2901 ait,
1084 2815 1157 2887 ista
1174 2813 1321 2891 Palatt:
1426 2799 1428 2807 ¹

356 2925 431 3001 Hic
451 2927 598 3005 Stator:
618 2929 689 3003 hoc
703 2931 865 3029 primurn
880 2929 1035 3004 condita
1046 2929 1170 3004 Roma
1183 2931 1267 3005 loco
1281 2941 1354 3007 est.

1323 3152 1336 3179 Ι

337 3203 380 3251 23.
399 3201 465 3256 Quod
476 3219 522 3251 noa
537 3204 637 3252 tribuere
649 3204 739 3268 posta]
759 3203 808 3251 Po·
858 3203 883 3252 in
895 3218 926 3253 aa
938 3202 1017 3252 toedus
1027 3202 1102 3252 ictam
1114 3201 1146 3253 ait
1156 3202 1218 3253 inter
1229 3201 1360 3253 Romulum
1427 3192 1437 3205 ⁸

307 3277 369 3322 nati
388 3284 444 3332 tres,
460 3290 504 3340 pro
519 3275 614 3326 divana
634 3276 752 3327 laetiona:
773 3277 808 3326 sic
858 3286 883 3327 et
892 3277 997 3327 Tatium.

307 3347 417 3406 inlradl,
429 3348 474 3397 bac
484 3349 640 3415 ipsaelegia:
890 3353 932 3400 29.
960 3351 1008 3400 Hic
1027 3353 1090 3400 locus
1109 3360 1142 3399 ast
1166 3349 1255 3413 Vesta]
1279 3350 1361 3400 Vastan

427 3424 605 3484 nostroplacota
613 3426 707 3486 pasmti
858 3425 976 3490 templum
986 3424 1122 3483 rotundum,
1132 3425 1157 3473 in
1167 3440 1215 3489 quo
1223 3426 1361 3474 senabatur

341 3493 466 3545 lsdsaanb
475 3498 572 3545 damiata
583 3499 711 3560 adspicim
720 3500 808 3547 domos
859 3499 1004 3557 Palladium,
1014 3515 1069 3549 oum
1085 3499 1140 3563 igne
1157 3507 1279 3564 perpetuo,
1290 3498 1332 3564 qui
1346 3514 1362 3549 a

341 3569 382 3617 26.
398 3569 434 3616 At
442 3571 494 3617 orbs
504 3569 647 3636 longinqua]
664 3569 803 3636 uacythia
860 3573 991 3638 virginibm
1000 3572 1138 3623 Vestalibus
1148 3572 1272 3631 alebatur3
1288 3581 1361 3639 atque

342 3643 382 3690 27.
409 3642 495 3692 Forum
513 3643 624 3701 ematis,
642 3644 710 3711 cujus
731 3660 811 3695 neam
860 3645 907 3694 hoe
917 3644 1363 3711 maltiputantaRomulopriuserae·

310 3715 390 3766 Julius
399 3716 480 3766 cm
494 3717 580 3766 coemit
594 3718 656 3767 1000
669 3718 720 3767 Hs,
752 3718 812 3767 Sne·
861 3728 921 3768 tum.
943 3712 1073 3783 Dionysias
1082 3728 1171 3775 tamen,
1179 3717 1223 3767 lib.
1233 3716 1259 3766 ii.
1270 3716 1363 3776 scribit,

311 3799 360 3839 ton.
376 3790 404 3839 in
418 3789 468 3839 vita
484 3791 630 3853 Cessuffifi.
663 3791 812 3841 Octavianus
861 3791 886 3840 id
903 3807 918 3840 a
935 3792 1016 3840 Numa
1031 3790 1175 3841 editarum
1192 3790 1362 3856 inlorn,quod
1465 3802 1470 3807 '

312 3864 435 3928 Augautna
444 3862 538 3913 addidit
548 3865 644 3914 tertium
651 3880 723 3931 prope
730 3866 812 3915 cm·
861 3873 963 3930 occupat
980 3863 1085 3914 medium
1101 3863 1215 3929 Capitolii
1231 3873 1256 3913 et
1273 3864 1363 3914 Palatii

310 3937 342 3987 ris
363 3937 449 3994 iomar,
471 3954 542 4004 aspra
562 3939 647 3988 Forum
667 3938 813 3989 Romanum.
861 3936 1363 4004 locum,idqneannourbisqasdragesimo,

311 4012 407 4060 Sueton.
418 4011 483 4075 Aug.
494 4026 517 4060 e.
528 4013 569 4061 29.
579 4011 621 4062 ubi
638 4011 692 4062 ride
709 4013 814 4062 casaub.
862 4020 890 4063 ut
906 4014 932 4062 in
947 4012 1025 4061 Fastis
1040 4011 1110 4062 docet
1126 4011 1235 4061 Ovidius.
1267 4011 1363 4061 Atrium

313 4082 597 4139 etTorrentacPlinius,
605 4083 660 4133 libr.
670 4082 750 4133 xxxvi.
757 4100 779 4133 c.
789 4087 813 4134 5.
863 4094 945 4136 autem
963 4086 1044 4135 Vesta
1062 4084 1108 4134 tuit
1128 4085 1215 4134 Numa
1233 4086 1307 4150 rogia,
1325 4083 1364 4133 vel

313 4156 357 4206 boc
374 4157 451 4207 loram
469 4158 531 4208 inter
551 4166 653 4224 quatuor
670 4156 815 4208 mirabiliora
863 4158 942 4226 potina
952 4174 1007 4224 para
1013 4158 1092 4224 regias.

270 4244 273 4263 ·
314 4230 490 4280 oboediens
499 4241 615 4281 recensa.
641 4231 761 4289 ‚Histra
896 4234 939 4282 31.
957 4233 1029 4282 Porta
1040 4232 1189 4288 esaiam
1208 4228 1309 4292 Putant]
1328 4228 1365 4276 Ea

346 4307 387 4353 20.
399 4305 617 4369 Hamasocria]
636 4305 815 4355 vumsmm
863 4316 932 4373 porta
948 4307 1012 4371 prius
1028 4304 1148 4361 Saturnia,
1164 4303 1221 4352 dein
1241 4300 1366 4351 Pandauia

314 4377 432 4442 designat,
442 4380 491 4428 foro
501 4379 614 4445 Augusti,
625 4378 667 4444 qui
682 4379 815 4445 iuCapito·
864 4380 986 4446 adpellata
1005 4380 1063 4429 tuit:
1091 4377 1217 4426 adfirmant
1237 4375 1315 4423 Varro
1341 4382 1366 4423 et
1399 4374 1402 4379 ’

313 4451 351 4503 tio
366 4450 496 4510 habitabat,
507 4453 624 4503 ocium:
642 4453 740 4510 dicum,
750 4453 815 4518 quod
865 4453 968 4503 Solinus.

316 4539 358 4591 par
371 4541 424 4575 eam
440 4527 470 4576 ab
485 4542 548 4585 aree,
559 4526 585 4576 id
601 4538 646 4585 eat,
657 4543 673 4576 a
688 4524 816 4591 Capitolio,
898 4528 941 4575 32.
960 4525 1006 4575 Hic
1018 4521 1116 4584 Stator]
1135 4521 1165 4569 Iu
1175 4528 1255 4569 monte
1271 4520 1366 4571 Palatio

316 4600 347 4649 ad
358 4614 459 4665 augures
468 4616 536 4651 sacra
546 4602 691 4659 terebantur,
702 4601 740 4649 vel
751 4600 816 4665 quod
866 4598 983 4663 templum
999 4614 1014 4645 a
1034 4593 1139 4644 Romulo
1160 4592 1215 4643 Jovi
1232 4595 1326 4653 Statori,
1339 4605 1367 4645 ut
