3609 5967
426 773 497 839 EX
520 772 683 839 ΡΟΝΤΟ
707 772 799 839 LIB.
824 770 887 837 IV.
913 770 1060 838 arlsr.
1087 770 1192 838 XIV.
1271 770 1338 837 1125

285 947 402 1021 Talia·
409 959 637 1021 succensent
653 957 807 1046 propter
824 946 916 1019 mihi
934 948 1047 1021 verba
1061 946 1234 1037 Tomitae,
1292 954 1336 1024 15

338 1062 475 1161 lraque
493 1062 721 1137 carminibus
740 1061 895 1161 publica
912 1073 1016 1136 mota
1033 1062 1140 1137 meis.

167 1164 173 1173 ⁸
286 1178 386 1274 Ergo
405 1204 475 1276 ego
493 1180 652 1254 cessabo
671 1204 865 1278 nunquam
884 1205 952 1279 per
970 1179 1138 1256 carmina
1154 1181 1258 1272 laedi3

334 1294 486 1369 Plectar
503 1306 542 1369 et
559 1296 710 1371 incauto
728 1320 878 1394 semper
895 1298 944 1369 ab
959 1294 1137 1392 ingenio?

284 1409 385 1508 Ergo
403 1436 486 1509 ego,
505 1437 554 1486 ne
572 1408 746 1496 scribam,
766 1412 906 1509 digitos
924 1412 1090 1486 incidere
1107 1422 1276 1501 cunctor,

333 1527 504 1626 Telaque
523 1528 646 1601 adhuc
665 1530 835 1614 demens,
856 1552 942 1625 quae
959 1551 1134 1615 nocuere,
1154 1532 1315 1627 sequor?

286 1644 347 1742 Ad
364 1654 512 1719 veteres
531 1646 709 1743 scopulos
728 1644 1067 1730 iterumdevertor,
1086 1645 1135 1720 ad
1153 1646 1248 1734 illas,
1288 1654 1333 1720 21

334 1759 380 1833 In
398 1761 537 1859 quibus
556 1760 714 1835 offendit
731 1760 913 1858 naufraga
930 1762 1083 1860 puppis,
1102 1785 1234 1859 aquas.

289 1876 367 1952 Sed
386 1875 479 1949 nihil
497 1876 654 1965 admisi;
684 1876 788 1949 nulla
805 1887 864 1951 est
881 1900 969 1950 mea
985 1876 1110 1974 culpa,
1129 1876 1301 1967 Tomitae,

336 1993 442 2079 Quos
460 2018 544 2091 ego,
563 2018 682 2092 quum
700 1994 786 2068 loca
803 1993 874 2067 sim
891 2002 1020 2067 vestra
1035 2016 1205 2091 perosus,
1225 2018 1323 2069 amo.

287 2109 461 2196 Quilibet,
473 2107 644 2201 excutiat
661 2110 778 2184 nostri
797 2119 1044 2183 monumenta
1059 2109 1210 2197 laboris,
1289 2116 1349 2186 25·

338 2225 464 2299 Litera
480 2225 529 2299 de
546 2224 653 2298 vobis
672 2235 731 2298 est
745 2248 831 2299 mea
849 2233 986 2321 questa
1002 2224 1107 2298 nihil.

289 2342 436 2439 Frigus,
452 2352 492 2416 et
509 2342 682 2415 incursus
701 2341 804 2414 omni
822 2341 870 2414 de
889 2350 996 2438 parte
1014 2340 1215 2431 timendos

339 2458 391 2533 Et
407 2457 510 2556 quod
528 2458 700 2556 pulsetur
717 2482 846 2537 murus
862 2458 912 2531 ab
929 2458 1051 2543 hoste,
1070 2480 1229 2555 queror..

288 2573 333 2647 Iu
351 2574 447 2661 loca,
467 2597 543 2647 non
560 2574 745 2662 homines,
763 2574 961 2653 verissima
977 2572 1135 2647 crimina
1151 2575 1252 2649 dixi:

308 2714 311 2721 ·
339 2690 513 2789 Culpatis
531 2698 697 2763 vestrum
717 2714 780 2763 vos
800 2714 954 2788 quoque
972 2712 1075 2788 saepe
1092 2689 1226 2763 solum.
1291 2695 1340 2763 30

290 2806 404 2895 Esset
421 2818 607 2905 perpetuo
626 2832 696 2913 sua
713 2832 829 2906 quam
846 2806 1012 2881 vitabilis
1031 2806 1162 2891 Ascra,

342 2925 448 2998 Ausa
464 2934 524 2997 est
542 2922 715 3019 agricolae
735 2922 849 2997 Musa
866 2922 1004 2995 docere
1021 2922 1136 2995 senis.

289 3042 342 3113 At
354 3038 476 3113 fuerat
492 3050 593 3113 terra
609 3037 772 3135 genitus,
788 3037 854 3135 qui
873 3036 1037 3136 scripsit,
1057 3037 1097 3109 in
1114 3036 1199 3123 illa;

340 3155 528 3228 Intumuit
545 3154 620 3229 vati
638 3178 709 3228 uec
727 3164 854 3229 tamen
873 3154 994 3226 Ascra
1007 3177 1089 3225 suo.

289 3270 384 3356 Quis
402 3270 563 3368 patriam
583 3270 734 3344 sollerte
752 3268 872 3366 magis
891 3268 1027 3342 dilexit
1046 3268 1213 3366 Ulyssel
1290 3275 1340 3343 35

340 3385 426 3459 Hoc
444 3395 572 3461 tamen
590 3386 774 3485 asperitas
793 3384 918 3459 indice
936 3394 1027 3457 nota
1043 3384 1115 3456 loci
1134 3395 1206 3458 est.

323 3588 361 3635 16.
378 3586 419 3635 lm
427 3585 541 3649 rossilion]
561 3584 675 3633 Omnium
685 3583 790 3633 Tomita·
874 3586 914 3633 31.
943 3585 1006 3632 Esset
1030 3593 1139 3645 perpetuo
1158 3600 1201 3632 suo
1219 3602 1287 3648 quom
1307 3589 1341 3635 oi-

288 3678 340 3710 rum
349 3659 489 3725 indignatio.
841 3660 918 3707 tollitis
950 3658 1043 3721 Ascra]
1084 3658 1174 3707 Versus
1208 3667 1344 3724 suspectus.

320 3738 360 3785 20.
380 3736 435 3784 Telo
446 3752 494 3798 qam
504 3732 621 3796 nocuere]
642 3730 755 3781 Carmina
766 3740 791 3780 et
841 3733 932 3781 Hsrus.

288 3807 418 3874 ingenium.
873 3808 916 3854 33.
933 3804 1019 3860 Ascra,
1030 3804 1083 3853 vico
1104 3804 1130 3854 iu
1151 3805 1262 3862 Boeotis,
1278 3813 1343 3856 ortus
1418 3853 1424 3870 χ

321 3884 362 3932 25.
391 3880 524 3943 Bruttios]
552 3879 669 3945 Inquirat.
710 3879 791 3927 Nostri
840 3879 893 3936 luit,
906 3887 949 3928 aut
959 3879 1038 3928 forsan
1047 3877 1082 3927 ibi
1092 3879 1207 3928 educatus
1216 3880 1344 3929 Hesiodus.

288 3967 433 4005 moossmmto
445 3956 535 4003 1111111.
564 3956 655 4003 Versus
665 3961 764 4002 nostros.
841 3953 978 4003 Paterrsro
994 3952 1073 4001 &ms
1087 3952 1113 4001 in
1131 3953 1227 4002 AEolide
1243 3953 1344 4004 Ascrarn

322 4030 362 4079 26.
375 4030 411 4077 Ds
421 4028 500 4091 eodm]
520 4028 559 4077 De
567 4026 702 4076 hominibus
711 4026 790 4075 Tomi·
840 4027 962 4077 transtulit
971 4026 1128 4076 domicilium.
1137 4044 1161 4077 r.
1172 4027 1251 4077 locum
1259 4028 1284 4077 in
1294 4031 1344 4079 He·

290 4104 359 4153 tanis.
840 4100 901 4151 siodi
913 4100 1344 4167 Opp.v.6³6.sqq·ubiconlercle·

274 4206 280 4215 ·
322 4179 362 4226 27.
381 4178 412 4225 m
430 4180 537 4225 incursus
557 4177 617 4223 mussi
634 4176 663 4221 ds
678 4184 745 4237 ports
761 4178 790 4223 ti·
842 4175 1060 4224 ricumsdvoso.
1092 4176 1168 4224 Poeta
1178 4175 1278 4224 Hesiodi
1289 4193 1344 4226 sen·

289 4252 400 4315 mom]
428 4252 459 4300 Et
478 4242 588 4300 hostilem
609 4249 733 4315 impeturn,
752 4249 792 4299 cui
842 4250 942 4299 tentiam
960 4258 1053 4298 tanturn
1069 4249 1101 4298 ad
1117 4248 1153 4297 sui
1168 4250 1345 4300 excusationem

288 4327 436 4375 obnoxiaest
446 4324 552 4391 undique
561 4323 688 4373 Tomitana
698 4323 791 4382 ciuitas,
843 4322 1034 4379 adcommodare,
1045 4338 1093 4371 non
1107 4320 1138 4370 sd
1150 4324 1248 4371 verbum
1265 4323 1344 4389 expri-

290 4416 344 4465 qure
355 4401 471 4449 Getarum
482 4398 569 4465 praeda
580 4397 682 4447 obnoxia
692 4405 736 4446 est.
842 4412 907 4445 mere
914 4394 1007 4455 voluit;
1021 4411 1094 4461 quare
1102 4395 1181 4445 Ιοοηω
1189 4403 1294 4444 nostrum
1302 4413 1346 4448 cur
1369 4393 1372 4401 “

326 4474 365 4522 30.
386 4474 490 4522 Vestrum
498 4470 588 4534 solam]
608 4472 720 4521 Vestram
730 4470 793 4521 hanc
844 4468 958 4520 Heinsius
973 4468 998 4518 in
1006 4468 1121 4535 suspectis
1131 4468 1229 4545 habat,
1241 4470 1347 4521 nondum

289 4546 409 4611 regionem
422 4545 534 4601 sterilem,
545 4553 569 4593 et
586 4544 664 4605 frigori
679 4559 707 4592 sc
723 4544 794 4593 bellis
844 4541 966 4609 pervideo.
999 4542 1113 4591 Harenas.

290 4621 425 4688 obnoxiam.
878 4618 919 4666 35.
937 4615 996 4671 Quis
1010 4615 1131 4679 patriam]
1151 4602 1200 4675 Qui
1216 4615 1281 4681 apud
1294 4618 1346 4665 Ho-

947 4747 963 4779 δ
