3609 5967
435 806 505 871 EX
529 802 692 871 ΡΟΝΤΟ
716 803 808 872 LIB.
831 802 895 869 lv.
919 802 1067 870 EPIST.
1090 803 1161 870 IX.
1263 802 1330 870 ωδ

275 981 472 1080 Missaque
491 979 542 1053 Di
560 978 701 1054 faciunt
717 1001 888 1059 aurorum
906 987 1082 1053 occurrat
1098 978 1148 1052 ed
1166 977 1281 1066 illum,

326 1097 394 1171 Bis
412 1119 525 1170 senos
542 1094 667 1171 fasces
685 1118 771 1193 quae
789 1093 858 1169 tibi
876 1094 999 1194 prime
1015 1095 1134 1169 dabit.

277 1208 343 1301 Ut,
362 1212 542 1312 quoniam
556 1212 639 1287 sine
656 1236 717 1286 me
734 1223 868 1309 tanges
887 1210 1078 1310 Capitolia
1095 1212 1242 1298 consul,
1304 1214 1328 1284 5

319 1320 378 1403 'Et
394 1329 482 1403 fiam
500 1330 620 1402 turboe
638 1351 815 1428 pernego
833 1326 1043 1427 nullatum,

277 1443 321 1517 ln
340 1443 484 1518 domini
503 1446 640 1519 subeat
656 1454 798 1542 partes,
817 1453 856 1517 et
874 1453 1030 1542 praestet
1046 1442 1157 1518 amici

327 1561 506 1635 Officium
519 1562 628 1659 jusso
646 1558 755 1634 litera
771 1569 900 1633 nostra
917 1558 991 1633 die.
1043 1652 1046 1659 ,
1090 1586 1093 1591 ·

277 1674 406 1774 Atque
423 1699 495 1774 ego
513 1675 545 1748 si
564 1674 651 1749 fatis
669 1675 820 1772 genitus
834 1674 1054 1748 melioribus
1071 1694 1208 1761 essem,

328 1790 379 1865 Et
396 1816 483 1867 mea
499 1792 646 1866 sincero
664 1801 832 1866 curreret
849 1814 922 1865 axe
940 1780 1034 1876 ro'ta,
1285 1794 1330 1862 10

278 1906 365 1992 Quo
383 1931 483 1981 nunc
501 1917 631 1980 nostra
647 1931 781 1980 manus
796 1907 1060 2005 perscriptum
1075 1904 1254 2001 fungitur,
1270 1929 1329 1978 ee·

329 2021 475 2119 Lingua
491 2022 680 2096 salutandi
698 2034 854 2096 munere
870 2020 1002 2096 functa
1016 2020 1082 2095 tui.
1252 2020 1330 2116 [set

278 2138 535 2236 Gratatusque
547 2137 683 2213 darem
701 2162 788 2213 eum
805 2138 982 2212 dulcibus
1000 2136 1132 2211 oscula
1147 2136 1295 2210 verbis:

329 2252 412 2327 Nec
430 2253 555 2327 minus
573 2253 637 2327 ille
655 2276 775 2338 meus,
795 2236 911 2351 quem
929 2263 1031 2339 tuus,
1050 2261 1153 2325 esset
1169 2252 1300 2326 honor.

193 2437 196 2449 ,
279 2366 362 2454 llla,
381 2368 574 2454 confiteor,
594 2368 649 2442 sic
667 2391 792 2442 essem
811 2367 896 2442 luce
914 2352 1114 2465 superbum
1279 2364 1328 2442 '15

331 2482 386 2556 Ut
404 2493 559 2583 caperet
574 2481 695 2558 fastus
712 2484 776 2558 vix
792 2485 928 2558 dornus
945 2482 1023 2557 ulla
1040 2505 1160 2556 meos.

280 2598 575 2698 Dumquelntus
594 2600 715 2673 sancti
732 2599 852 2697 cingit
869 2598 940 2673 tibi
958 2600 1071 2673 turba
1087 2609 1254 2687 senatus,

330 2714 508 2788 Consulis
527 2725 615 2789 ante
634 2715 752 2814 pedes
769 2715 824 2789 ire
840 2716 986 2790 viderer
1003 2738 1137 2813 eques.

279 2829 331 2903 Et
343 2853 562 2929 quanquam
577 2853 755 2929 cuperem
771 2854 922 2930 semper
935 2830 1005 2907 tibi
1020 2830 1215 2930 proximus
1230 2855 1328 2922 esse,

331 2946 548 3022 Gauderem
568 2947 674 3022 lateri
692 2972 767 3022 nnn
785 2947 965 3023 hdbuisee
983 2948 1121 3023 locum.
1280 2956 1330 3024 20

280 3046 363 3136 Nee
381 3063 575 3159 quemlus,
594 3064 707 3137 turba
723 3064 897 3163 quemvis
915 3064 1089 3150 elideret,
1108 3087 1254 3139 ensem:

293 3232 304 3245 .
332 3177 410 3252 Sed
427 3177 524 3253 foret
540 3200 564 3253 u
579 3180 721 3278 pupulo
738 3191 819 3255 tum
837 3180 930 3254 milri
947 3180 1059 3254 dulce
1076 3180 1209 3279 premi.

311 3389 337 3435 8.
365 3385 441 3436 Juueu.
468 3387 647 3453 Interprenrer.
674 3387 780 3438 definito.
831 3390 888 3438 enni
915 3389 992 3438 lunen
1020 3403 1095 3452 unque
1117 3387 1216 3446 exitum,
1235 3390 1331 3441 mirram

279 3463 335 3520 Qnu
348 3470 453 3527 tenpore
469 3461 597 3512 umerum
614 3462 698 3511 consul
716 3462 781 3511 iutu-
831 3461 912 3512 fuine.
945 3461 1014 3512 Idem
1025 3461 1332 3514 MenonexDiunelviii.

279 3535 657 3600 unemupetetexr.57-60.
685 3534 780 3600 Signifi-
831 3550 856 3601 p.
874 3536 934 3585 63³.
956 3542 1045 3592 munet,
1066 3533 1188 3584 Tiberium
1214 3537 1330 3602 quondam

278 3608 548 3675 cetpoetn‚Graeeiuum
558 3608 780 3658 oensulntumfunc·
832 3609 900 3658 Cous.
921 3606 952 3657 ed
971 3607 1073 3672 longine,
1093 3606 1152 3657 elion
1178 3606 1210 3657 ed
1237 3610 1332 3660 brevius

249 3676 261 3686 ”
279 3691 359 3731 turum
383 3682 415 3732 ed
440 3682 512 3731 finem
538 3698 615 3748 usque
642 3680 783 3732 Decembris
832 3681 944 3748 temporie
966 3681 1069 3747 epatium
1085 3681 1238 3747 designasse:
1262 3682 1330 3732 item·

279 3756 361 3813 nine,
380 3771 483 3822 moxque
500 3756 605 3815 irem,
624 3757 783 3824 Pomponium
833 3770 880 3821 que
905 3752 1031 3804 uunuulloe
1056 3754 1130 3804 etium
1155 3754 1235 3813 num,
1259 3773 1330 3822 quum

281 3830 405 3885 flaccum.
418 3832 455 3895 (r.
466 3830 507 3879 60.
518 3829 572 3891 75.)
583 3830 625 3896 qui
636 3830 717 3897 puello
727 3840 783 3882 unte
832 3828 1003 3886 constituisset,
1023 3827 1076 3878 loeo
1093 3827 1207 3889 movim
1225 3830 1286 3888 nliir,
1304 3839 1331 3881 ut

280 3904 326 3953 hoc
336 3913 431 3970 tempur
441 3904 527 3970 Myrin
542 3906 668 3971 Pontoque
684 3906 783 3973 preelec-
832 3902 924 3961 diutim
940 3902 966 3951 in
980 3902 1121 3968 magistratu
1135 3911 1223 3962 euent,
1234 3918 1332 3957 conces·

281 3978 393 4035 meluit,
412 3978 482 4028 titulo
501 3978 703 4044 proindelaegnti
725 3981 782 4030 Pro·
833 3979 901 4028 uine.
928 3978 1041 4027 urum.

281 4054 395 4118 prietatis,
404 4068 478 4119 quum
489 4053 593 4103 nundum
601 4053 692 4103 Consul
701 4053 784 4103 luisset
868 4055 907 4103 15.
926 4052 974 4102 illu
991 4052 1063 4117 ineu]
1085 4051 1132 4101 Illo
1149 4051 1188 4102 die
1207 4051 1331 4103 Kelende-

282 4127 319 4192 (ν.
329 4126 460 4188 57-80.),
469 4126 692 4177 Kelendielanner.
700 4127 723 4176 ei
730 4142 783 4177 euc-
834 4142 886 4176 rum
896 4127 912 4176 J
915 4124 1015 4177 aunarii.

281 4201 595 4252 eemnmmVffiann.
613 4199 695 4250 Ouidii
705 4200 779 4250 vitum
865 4201 903 4249 17.
918 4198 1020 4262 Sancti]
1037 4197 1077 4248 Sic
1087 4198 1171 4248 Horat.
1180 4197 1228 4248 Od.
1238 4199 1271 4248 iv.
1284 4214 1331 4249 rer.

282 4274 313 4324 ed
323 4276 355 4324 Α.
366 4278 397 4326 11.
408 4277 438 4327 C.
450 4293 549 4326 nccux.
564 4276 607 4342 qui
617 4273 721 4325 illustret
737 4292 780 4325 uu·
831 4277 854 4324 4.
864 4285 959 4337 patrum
967 4283 1072 4322 unctum
1081 4275 1204 4322 concilium
1214 4272 1283 4322 dixit.

281 4356 354 4398 rtrum
375 4350 510 4416 epistolum,
529 4360 555 4399 et
577 4349 649 4399 docet
676 4347 781 4408 uberius,
866 4350 905 4398 lu.
917 4346 1011 4412 ΕΜ]
1025 4347 1115 4410 Egon
1127 4345 1231 4412 equestri
1240 4346 1331 4398 ordine.

282 4422 522 4489 noerrumepintolum
540 4422 585 4473 line
602 4438 664 4472 nunu
681 4439 781 4473 noenu.
832 4425 892 4472 Ante
909 4423 975 4485 pedes
995 4421 1093 4469 consulis
1119 4421 1162 4468 ire.
1194 4421 1331 4473 Precedere

282 4504 307 4545 et
334 4495 431 4562 quidem
463 4498 544 4563 paullo
575 4508 631 4547 ente
657 4497 782 4547 Kalendae
831 4506 855 4547 te
876 4495 999 4546 cumulem
1018 4492 1043 4542 in
1060 4509 1090 4543 eu
1106 4509 1195 4561 pompe
1211 4495 1242 4544 de
1258 4513 1331 4548 more.

283 4570 371 4628 Maius,
390 4571 502 4621 Grrecino
519 4572 571 4637 jum
592 4570 685 4621 consuli
703 4570 781 4636 desig·
831 4566 1019 4620 Solebnnteuim
1030 4567 1123 4632 equilen
1139 4569 1281 4634 precedere,
1294 4572 1330 4623 re·

283 4652 348 4700 nuto,
359 4652 384 4692 et
398 4659 453 4693 mur
466 4644 634 4709 Magistrrtum
650 4643 738 4694 iuituru
749 4643 780 4693 ed
832 4652 903 4694 uetur
915 4656 970 4693 veru
980 4641 1101 4706 eubeequi.
