3609 5967
466 787 533 855 1⁷2
661 816 664 821 ·
759 781 799 848 Ρ.
822 780 988 849 OVIDII
1012 779 1226 847 NASONIS

467 958 640 1058 Quaeque
657 957 726 1032 tibi
744 956 948 1056 quondam,
967 965 1101 1032 tenero
1115 954 1292 1031 ducende
1308 957 1448 1056 palato,

517 1074 640 1150 Plena
656 1073 762 1148 dedit
778 1072 907 1147 nutrix
924 1072 1053 1160 ubera,
1072 1072 1180 1170 tigris
1198 1083 1303 1149 erat:

466 1190 520 1266 At
530 1192 632 1265 mala
642 1199 771 1264 nostra
784 1189 923 1276 minus
935 1212 1050 1287 quam
1064 1212 1177 1276 nunc,
1191 1187 1316 1265 eliens
1327 1199 1515 1289 putasses,

518 1306 755 1403 Duritiaeque
772 1303 864 1377 mihi
882 1327 959 1378 non
976 1327 1130 1401 agerere
1148 1329 1257 1380 reus:
1466 1309 1515 1379 46
1531 1370 1540 1377 .

469 1423 548 1498 Sed
561 1422 741 1521 quoniam
751 1421 899 1496 accedit
908 1421 1085 1495 fatalibus
1100 1420 1174 1495 hoc
1185 1444 1341 1519 quoque
1354 1419 1514 1507 damnis,

519 1539 574 1614 Ut
591 1549 746 1614 careant
763 1538 928 1613 numeris
946 1548 1120 1636 tempora
1136 1538 1258 1636 prime
1274 1537 1374 1625 suis;

469 1654 599 1743 Effice,
618 1655 766 1755 peccati
784 1679 833 1729 ne
850 1656 924 1729 sim
940 1676 1085 1728 memor
1103 1657 1237 1753 hujus;
1266 1664 1306 1729 et
1322 1653 1387 1727 illo

518 1770 695 1845 Officium
712 1771 876 1856 laudem,
895 1795 973 1869 quo
990 1794 1142 1870 queror,
1161 1794 1225 1846 ore
1243 1780 1364 1844 tuum:
1467 1773 1516 1844 50

796 2055 1175 2069 ῃ

818 2254 1048 2331 ELEGIA
1085 2258 1163 2332 IX.

468 2467 616 2541 Durus
634 2463 827 2540 inoffensae
844 2469 1075 2545 metam'tibi
1092 2480 1248 2567 tangere
1264 2468 1364 2555 vitre,

517 2581 592 2670 Qui
610 2581 706 2678 legis
723 2580 795 2656 ho'c
814 2583 924 2658 nobis
942 2609 1018 2659 non
1035 2585 1212 2660 inimicus
1230 2609 1348 2684 opus3

467 2697 595 2796 Atque
612 2697 756 2771 utinam
773 2721 841 2796 pro
859 2708 898 2774 te
917 2701 1063 2798 possint
1079 2726 1166 2777 mea
1182 2710 1270 2776 vota
1285 2699 1422 2787 valere,

517 2812 612 2899 Quae
630 2839 698 2914 pro
716 2840 778 2891 me
794 2816 910 2892 duros
928 2842 1005 2893 non
1022 2819 1183 2917 tetigere
1202 2816 1326 2893 Deos!

498 3060 540 3111 43.
556 3061 765 3123 Damasum
782 3061 898 3129 sugentis.
1017 3080 1060 3116 ora
1076 3072 1191 3131 tempora,
1208 3064 1296 3131 quibus
1316 3062 1422 3117 amicitis
1438 3071 1518 3113 nostre

497 3138 538 3186 45.
556 3137 605 3184 Ast
625 3137 687 3185 suala
706 3147 785 3186 nostro
803 3140 880 3186 mmsis
900 3155 968 3202 quom
1017 3139 1220 3190 eratsrctissima.
1242 3139 1518 3188 wammam

465 3228 512 3259 nos
529 3212 608 3259 aliens
620 3210 735 3274 putem]
755 3212 788 3261 Ae
804 3213 866 3260 mols
881 3220 906 3260 et
921 3229 968 3275 pu·
1018 3213 1174 3264 Csreentsuo
1184 3212 1280 3264 ordine:
1298 3221 1326 3262 ut
1335 3211 1394 3261 mihi
1405 3210 1517 3261 inomors

465 3293 533 3333 tusses
548 3283 667 3334 meliores.
704 3284 801 3334 Deinde
818 3302 886 3349 quen
904 3303 968 3336 nune
1017 3305 1065 3338 non
1076 3287 1226 3355 respondeus,
1236 3294 1355 3337 utentes.

465 3373 527 3405 nnus
534 3356 679 3419 Vstieanus;
689 3373 756 3408 vere:
768 3358 887 3425 quomodo
893 3358 967 3408 etiem
1050 3363 1159 3412 Nauaris
1175 3362 1266 3426 curere]
1286 3368 1331 3417 est,
1341 3358 1516 3426 imperfectum,

465 3429 616 3479 doctissimus
633 3431 791 3497 Tanaquillns
810 3433 887 3482 Faber
907 3433 975 3483 vidis
1017 3437 1260 3503 nonintegrnmesse.
1291 3435 1405 3484 Herium.

464 3501 615 3552 scribendum
629 3503 738 3570 Epistols
753 3504 820 3554 xxiii.
851 3506 966 3557 combis·
1100 3526 1106 3533 ⁸

465 3591 511 3626 nus
526 3592 569 3642 pro
584 3575 678 3626 diversa
694 3577 805 3636 lectione,
821 3582 876 3643 quis
893 3599 966 3630 wne.
1052 3585 1073 3634 l.
1090 3583 1315 3651 leoffius-uita]
1334 3583 1359 3633 Ιι.
1375 3598 1397 3632 e·
1410 3591 1474 3648 opto·
1489 3588 1517 3629 ²¹⁸

465 3650 554 3700 Sensus
571 3657 622 3699 est:
639 3649 674 3701 At
694 3650 781 3700 saltem
801 3652 867 3702 mela
887 3662 968 3705 nostro
1017 3659 1068 3707 sine
1088 3658 1180 3708 offensu
1195 3658 1251 3708 vito
1268 3657 1372 3707 studium
1391 3655 1518 3705 decurrens

466 3723 968 3791 minusstealiensputssses,quamnunc
1017 3730 1050 3781 sd
1066 3740 1154 3781 metsm
1172 3731 1301 3799 perveniet.
1315 3747 1338 3779 v.
1365 3729 1448 3779 Burm.
1475 3727 1518 3792 qni

418 3838 420 3845 .
465 3808 544 3865 putes.
577 3799 701 3850 Hnuu-
707 3800 815 3850 Forsitan
831 3801 967 3869 scripserit:
1017 3804 1166 3871 Zinzerlingii
1180 3803 1413 3859 lecuommeuss
1423 3803 1448 3851 in
1459 3802 1517 3850 Pro·

468 3875 499 3922 dt
507 3875 570 3923 mh
579 3886 657 3925 nones
664 3878 739 3940 prius,
750 3893 817 3939 qussi
827 3893 899 3935 nunc,
909 3880 968 3927 aas·
1017 3880 1087 3930 muls.
1098 3881 1150 3930 erit.
1165 3880 1246 3930 insen.
1256 3896 1278 3929 c·
1289 3881 1330 3929 51.
1341 3894 1398 3944 pag.
1413 3878 1470 3927 ¹280.
1479 3879 1517 3926 is·

466 3966 498 3997 ns
507 3958 607 4011 parm
611 3968 621 4009 ,-
638 3966 686 4001 non
697 3950 745 4019 hoc¹
753 3950 851 4001 demum
861 3960 967 4018 ternpore
1016 3951 1125 4017 offensam
1132 3962 1157 4002 et
1163 3953 1355 4019 explicationem,
1363 3954 1480 4010 evitatura,
1490 3960 1519 4000 ut

466 4021 589 4072 debuisses
594 4024 718 4074 ostendere
725 4040 780 4075 mes
787 4023 846 4075 nihil
854 4025 886 4075 sd
895 4024 969 4074 tead-
1016 4025 1041 4075 in
1052 4026 1136 4076 Horat.
1145 4026 1163 4076 i.
1173 4025 1221 4076 0d.
1232 4025 1249 4075 i.
1259 4027 1367 4085 sumitur,
1374 4027 1437 4075 bene
1447 4041 1517 4091 repu-

466 4095 549 4154 tinere,
559 4096 602 4146 sed
609 4098 661 4163 jam
670 4098 742 4148 olim:
759 4099 823 4164 quod
833 4098 853 4147 si
864 4099 969 4157 fecisses,
1017 4098 1076 4157 dist,
1086 4100 1150 4165 qnod
1160 4099 1225 4167 epod
1236 4100 1362 4150 Horatium
1370 4098 1419 4149 slis
1427 4115 1465 4148 res
1472 4107 1517 4149 est.

428 4230 434 4240 ¹
467 4186 584 4221 nonnuuc
595 4173 968 4237 ageremtereumduritiened
1017 4172 1459 4240 Iterabsnturenimincireospatis5
1474 4173 1517 4223 ssd

466 4243 524 4309 quia
534 4245 579 4295 hoc
589 4255 676 4311 preter
685 4244 734 4295 alis
743 4245 815 4295 etism
831 4245 890 4295 mihi
905 4246 969 4296 scci-
1019 4246 1045 4296 in
1055 4247 1100 4297 heo
1112 4249 1252 4315 metaphora
1263 4249 1345 4298 Ovidii
1358 4265 1373 4298 s
1387 4246 1467 4298 stsdio
1475 4245 1517 4296 de-

465 4316 510 4376 dit,
519 4328 546 4368 ut
553 4327 577 4368 te
588 4318 686 4385 perdam
698 4318 743 4368 hoc
753 4317 844 4368 infelici
854 4328 969 4385 tempore,
1018 4330 1105 4379 sumta,
1115 4322 1187 4372 semel
1203 4322 1274 4372 modo
1284 4322 1407 4372 decurrere
1417 4321 1518 4379 linotet

465 4390 508 4456 qui
531 4401 604 4442 antea
623 4391 715 4442 enricus
735 4391 810 4449 fuisti,
828 4393 906 4449 effice,
922 4393 969 4443 &c-
1018 4395 1060 4445 ubi
1073 4396 1517 4463 metsmsttigimnsmnlluslocusoi·

465 4466 571 4524 Deinde,
580 4469 673 4517 dissicit
683 4468 739 4515 nitri
747 4483 809 4515 esne
818 4484 865 4515 nos
874 4484 968 4532 agenn
1017 4469 1091 4519 tenso
1101 4469 1250 4536 relinquitur.
1282 4472 1396 4520 Hauon.

465 4556 526 4599 ress,
536 4551 648 4609 excerpts
657 4539 805 4591 Kloekhovii.
837 4541 929 4590 Busae.
1049 4544 1073 4593 4.
1091 4544 1168 4593 Durus
1185 4545 1265 4609 Deos]
1284 4545 1350 4595 Deos
1363 4544 1423 4594 mihi
1433 4544 1516 4593 diffiei-

498 4614 540 4664 ts.
559 4615 591 4664 Ut
606 4615 811 4680 tmpsrsprisss]
830 4615 866 4666 Ut
873 4616 965 4683 superi·
1015 4616 1064 4677 les5
1082 4617 1388 4669 Cessreminclementem.
