3609 5967
508 774 646 842 ARTIS
672 772 939 840 AMATORIAE
962 773 1052 839 LIB.
1076 773 1145 839 111.
1303 776 1347 839 66

304 950 382 1025 Sed
399 950 505 1023 farnae
522 948 674 1044 vigilare
687 950 811 1043 juvet:
841 946 932 1043 quis
945 956 1074 1021 nosset
1092 944 1311 1033 Homerum,

353 1064 441 1139 Ilias
460 1075 640 1138 aeternum
659 1063 690 1137 si
709 1062 883 1136 latuisset
901 1062 1018 1159 opus?

302 1179 395 1265 Quis
411 1180 566 1255 Danaen
584 1188 726 1264 nosset,
742 1178 773 1251 si
793 1200 942 1275 semper
954 1178 1085 1251 clausa
1096 1175 1251 1263 fuisset;
1267 1181 1343 1249 415

351 1294 473 1393 Inque
492 1297 561 1369 suh
580 1294 673 1368 turri
691 1294 933 1394 perlatuisset
949 1293 1070 1368 anus?

303 1410 417 1485 Utilis
434 1421 494 1486 est
510 1411 627 1497 vobis,
646 1411 829 1497 sormosae,
848 1410 970 1497 turbo,
989 1410 1138 1509 puellae.

352 1528 463 1626 Saepe
479 1551 594 1625 vagos
612 1529 711 1601 ultra
727 1528 857 1601 limina
872 1526 966 1603 ferte
984 1527 1114 1625 pedes.

301 1642 359 1715 Ad
378 1644 517 1717 multas
534 1644 625 1743 lupa
642 1644 764 1718 tendit
781 1669 880 1730 oves,
900 1642 1090 1742 praedetur
1106 1652 1150 1715 ut
1166 1664 1298 1714 unam:

353 1756 404 1831 Et
419 1757 524 1833 Jovis
541 1759 580 1831 in
598 1760 736 1832 multas
753 1759 904 1833 devolat
922 1760 1001 1833 ales
1019 1782 1120 1832 aves.
1265 1758 1340 1827 420

302 1872 353 1947 Se
371 1897 522 1971 quoque
540 1872 607 1957 det
623 1874 762 1972 populo
780 1874 915 1948 mulier
931 1872 1104 1972 speciosa
1116 1870 1336 1946 videndam:

351 1988 473 2071 Quem
491 1990 627 2075 trahat,
646 2014 667 2063 e
685 1990 814 2065 multis
832 1988 989 2064 forsitan
1007 2014 1105 2063 unus
1122 1987 1205 2062 erit.

303 2102 486 2178 Omnibus
503 2105 568 2179 illa
584 2105 677 2179 locis
694 2116 846 2180 maneat
863 2105 1036 2179 studiosa
1051 2102 1248 2203 placendi:

352 2218 402 2292 Et
418 2245 547 2294 curam
563 2224 646 2295 toth
664 2231 791 2297 mente
809 2222 958 2296 decoris
977 2230 1077 2318 agat.

301 2335 422 2409 Casus
439 2336 580 2434 ubique
596 2338 714 2412 volet:
745 2362 893 2436 semper
910 2336 980 2411 tibi
995 2334 1162 2435 pendeat
1178 2334 1323 2407 hamus.

349 2450 434 2534 Quo
451 2452 604 2528 minime
620 2453 752 2528 credas
771 2452 932 2549 gurgite,
951 2451 1066 2551 piscis
1083 2450 1167 2525 erit.
1262 2450 1336 2519 426

301 2564 412 2664 Saepe
428 2592 541 2641 canes
558 2566 696 2643 frustra
712 2570 921 2643 nemorosis
937 2566 1129 2641 montibus
1145 2573 1289 2641 errant:

350 2679 471 2778 Inque
489 2682 638 2780 plagam
656 2684 759 2757 nullo
776 2708 909 2758 cervus
927 2693 1064 2778 agente
1082 2679 1198 2755 cadit.

299 2794 401 2879 Quid
418 2796 543 2870 minus
561 2796 812 2872 Andromedae
829 2798 953 2872 suerat
971 2819 1121 2896 sperare
1138 2794 1329 2876 revincta,

348 2910 472 2995 Quam
489 2913 664 2987 lacrimas
681 2914 746 2987 ulli
764 2938 876 3012 posse
893 2914 1043 3012 placere
1061 2910 1173 2985 suas?
1266 2911 1339 2981 430

301 3023 446 3101 Funere
464 3051 564 3126 saepe
581 3028 649 3101 viri
666 3028 720 3101 vir
737 3028 928 3126 quaeritur.
958 3028 1033 3102 isse
1051 3026 1185 3099 solutis

349 3141 537 3229 Crinibus,
557 3152 596 3217 et
612 3143 725 3217 fletus
743 3168 817 3217 non
835 3142 1016 3228 tenuisse,
1034 3141 1158 3217 decet.

299 3256 376 3330 Sed
393 3258 509 3332 vitate
525 3258 623 3332 viros
641 3259 785 3332 cultum
801 3260 1034 3359 formamque
1053 3253 1258 3357 professos;

347 3369 498 3469 Quique
515 3397 603 3447 suas
621 3384 766 3472 ponunt
784 3374 821 3447 in
840 3374 1003 3449 statione
1020 3392 1159 3445 comas.

329 3718 386 3767 41³.
408 3717 451 3769 Sat
465 3719 538 3784 sarm
562 3721 684 3785 invigilans
697 3720 790 3783 Juvat]
873 3719 931 3769 422.
949 3718 1133 3781 Quantulum]
1152 3714 1234 3765 Ethoc
1245 3714 1337 3781 proprie

300 3790 399 3857 Vigilara
419 3792 500 3859 scripti
520 3792 623 3858 potiores
642 3808 697 3843 cnm
717 3794 792 3859 primt
841 3801 866 3843 et
878 3794 1006 3858 eleganter.
1018 3791 1146 3843 renum.
1162 3789 1336 3840 decorarent.

296 3864 406 3915 editione.
427 3867 544 3931 quomodo
563 3866 627 3932 apud
644 3866 791 3933 Propertium
842 3872 865 3917 4.
899 3869 1002 3917 Ornatus
1012 3869 1037 3915 r'n
1053 3883 1112 3915 sarrs
1122 3867 1201 3928 onpilli
1212 3873 1234 3913 et
1245 3866 1304 3911 eutis
1314 3873 1336 3911 et

296 3937 321 3989 ii.
343 3940 412 4005 Eleg.
434 3942 460 3991 2.
479 3942 561 3991 studiis
580 3943 677 4006 uigilare
700 3945 790 3991 umas.
841 3941 1337 4004 urnampartinsrcorposis,qnaeoenloatrn·

297 4011 394 4062 Rectius
421 4030 515 4080 qnoque
540 4018 612 4077 juvet
638 4014 792 4079 Aprosinnus.
841 4013 1184 4065 hont.vidadil.hmnr.1ia.
1196 4015 1232 4062 10.
1247 4014 1335 4061 Busan.

295 4086 368 4137 Juvet
387 4103 430 4137 voa
448 4086 548 4151 vigilare
573 4087 599 4137 in
624 4103 689 4153 spem
714 4087 792 4137 laura.
874 4088 1336 4151 4³1.Famoepaevtrtvtrquerirar.]

296 4160 383 4211 Harsa.
495 4196 498 4203 .
840 4162 918 4211 Testis
935 4162 1044 4212 Matrona
1060 4162 1104 4213 illa
1116 4161 1259 4228 Ephesiann‚
1269 4162 1338 4225 cujus

327 4236 383 4283 419.
397 4236 434 4284 Aa
444 4236 552 4299 metm]
567 4234 596 4285 ln
607 4233 707 4300 Regius,
719 4234 789 4283 Fran·
840 4235 960 4288 historiam
971 4236 1100 4303 Eumolpus
1109 4236 1229 4299 eleganter
1242 4234 1338 4282 adeost

296 4306 341 4355 ool.
358 4317 382 4357 et
398 4307 448 4365 alii,
459 4319 487 4358 ut
502 4310 612 4375 sequenti
630 4310 700 4359 etiarn
711 4324 789 4359 versu.
839 4308 923 4359 festive
942 4318 1028 4367 narrat,
1048 4309 1114 4374 apud
1132 4308 1229 4357 Petrnn.
1267 4305 1337 4354 Hanc

296 4380 358 4443 quod
369 4380 571 4445 magisterialem
586 4393 611 4433 et
620 4382 729 4433 hostilem
739 4382 789 4433 ani·
840 4390 920 4431 antem
926 4383 1045 4433 historiam
1052 4399 1106 4433 vere
1116 4379 1249 4443 contigisse.
1257 4386 1338 4427 anctos

294 4468 360 4501 nrum
375 4463 449 4512 nutat,
460 4464 486 4504 ut
496 4458 531 4504 ire
541 4460 567 4505 in
583 4458 680 4519 aliquem
692 4464 717 4505 et
725 4456 789 4505 simi·
839 4464 876 4507 est
885 4456 1016 4514 flavinius,
1029 4456 1092 4522 apud
1102 4453 1306 4510 Sariaberlensem,
1313 4463 1338 4503 et

292 4525 337 4577 lia.
354 4544 476 4593 possum
492 4534 571 4581 eterit
582 4529 791 4598 capere,eluatris
840 4530 928 4596 Ephesi
961 4532 1084 4581 mulierem
1118 4542 1203 4594 poensa
1236 4524 1338 4579 danim

294 4600 583 4671 snisndrnpinasprorlit.
615 4606 705 4657 Eunu.
840 4604 932 4653 Auru.

328 4682 404 4731 VOL.
422 4683 458 4733 11.
933 4685 952 4731 F
