3609 5967
424 794 493 859 ux
518 792 679 859 pomo
704 790 1175 858 LIB.1v.EPIST.xlv.
1263 748 1328 860 te

276 966 400 1051 Quem
417 968 479 1041 vix
499 967 676 1041 incolumi
694 967 833 1063 cuique
848 966 1029 1063 salvoque
1047 966 1200 1054 daretis,

327 1082 367 1157 Is
385 1084 498 1158 datus
517 1109 540 1158 a
556 1084 663 1158 vobis
682 1093 741 1158 est
758 1082 850 1156 mihi
869 1105 988 1181 nuper
1006 1082 1138 1156 honor.
1243 1100 1250 1121 ¹

187 1184 189 1189 ¹
278 1200 377 1274 Solis
396 1200 520 1274 adhuc
539 1224 609 1296 ego
628 1224 713 1273 sum
726 1199 865 1279 ,vestris
884 1198 1061 1272 immunis
1083 1198 1121 1271 in
1139 1199 1226 1286 oris

255 1325 259 1333 ’
304 1306 306 1309 ’
326 1314 523 1415 Exceptio,
543 1316 574 1389 si
593 1316 659 1415 qui
677 1338 833 1389 munera
851 1314 946 1411 legis
964 1314 1118 1392 habent.
1137 1349 1141 1357 ·

277 1428 465 1531 Tempora
478 1443 627 1508 sacrata
644 1456 730 1506 mee
747 1442 837 1505 sunt
852 1430 976 1504 velata
993 1452 1143 1515 corona,
1281 1434 1329 1504 55

327 1547 511 1622 Publicus
529 1547 647 1622 invito
664 1572 779 1646 quam
796 1545 899 1621 favor
916 1545 1109 1645 imposuit.
1158 1596 1164 1608 ·

235 1684 237 1689 ·
278 1662 402 1748 Quam
420 1673 527 1761 grata
545 1676 604 1739 est
622 1665 736 1763 igitur
753 1665 909 1739 Latonae
928 1662 1185 1750 Delia-tellus,

329 1778 479 1855 Erranti
498 1790 621 1854 tutum
640 1804 726 1879 quae
743 1778 851 1855 dedit
869 1802 945 1853 una
962 1780 1100 1865 locum,

277 1893 372 1969 Tem
390 1896 481 1969 mihi
499 1919 587 1971 cara
604 1895 754 1985 Tomis;
785 1896 910 1996 patria
926 1920 1012 1993 quae
1031 1896 1122 1970 sede
1139 1895 1280 1994 fugatis
1304 1900 1307 1909 “

327 2010 495 2111 Tempus
514 2013 561 2087 ad
580 2012 653 2085 hoc
673 2011 781 2100 nobis
800 2010 953 2110 hospite
968 2011 1045 2085 fida
1060 2021 1226 2097 manet„
1281 2008 1332 2088 60

280 2125 330 2200 Dl
346 2128 460 2203 modo
478 2128 671 2216 fecissent,
691 2128 854 2229 placidoe
873 2152 982 2228 spem
1000 2140 1132 2227 posset
1147 2128 1288 2205 habere

327 2243 454 2333 Pacis,
470 2256 510 2320 et
528 2270 551 2319 a
567 2245 693 2343 gelido
710 2246 858 2342 longius
877 2268 951 2325 axe
968 2244 1083 2319 foret!

309 2461 350 2511 54.
370 2460 472 2525 Esceptis
481 2466 501 2511 si
511 2465 551 2525 qui
565 2478 661 2511 munera
673 2465 728 2529 legis
738 2465 778 2512 hu·
830 2462 916 2511 Dinnoe
928 2460 1055 2511 mouisse
1067 2457 1239 2517 conmissus,
1249 2468 1331 2525 poen-

276 2534 350 2598 itent]
369 2535 484 2601 Exceptis
495 2534 550 2592 illis,
562 2534 604 2601 qui
614 2535 707 2600 legibus
722 2552 779 2585 con·
830 2552 881 2585 rum
889 2533 1038 2584 testimonio:
1055 2534 1097 2581 ubi
1108 2534 1201 2581 Intoun
1209 2548 1250 2583 sos
1259 2550 1333 2599 pope·

276 2606 352 2656 secuti
363 2609 780 2675 suntiinnnunitntem,quaedsbatnr
829 2610 867 2667 rit,
875 2608 985 2673 Pythone
993 2606 1332 2673 serpentelibemmutl'sbn-

277 2680 322 2739 his,
333 2682 375 2747 qui
384 2683 497 2750 Olympia
508 2683 627 2741 vicissent,
638 2692 663 2733 et
679 2685 721 2750 qui
736 2684 780 2735 nli-
829 2684 909 2733 lautus
919 2691 1003 2749 poete.

276 2756 340 2821 quod
356 2758 478 2823 egregium
492 2756 586 2807 fucinus
600 2774 643 2823 pro
656 2758 734 2824 petrin
745 2759 779 2808 le·
863 2760 903 2809 to.
916 2755 1179 2820 uniuscuiusque]
1198 2750 1333 2813 Quantu-

277 2830 374 2881 cissent.
400 2832 468 2881 Dicit
478 2848 535 2897 ergo
545 2831 584 2882 hic
595 2832 698 2881 Ovidius
708 2834 780 2885 nullis
831 2848 861 2881 no
887 2832 1003 2881 Intonsos
1026 2828 1150 2894 gravidum
1170 2836 1333 2894 cognosceret,

276 2904 379 2969 legibus,
399 2914 441 2955 sut
462 2906 552 2956 meritis
571 2922 598 2956 ss
619 2905 780 2957 nTomitnnis
829 2906 935 2955 immisso
944 2902 1103 2954 connsillnm
1115 2903 1225 2969 Pythone
1236 2918 1332 2970 serpen·

277 2977 370 3029 civibus
391 2980 532 3030 adsecutum
553 2980 624 3031 fuisse
642 2979 778 3031 immunitu-
829 2988 861 3036 te,
878 2993 920 3045 per
936 2993 1032 3027 onmem
1047 2984 1134 3043 terrum
1149 2985 1275 3043 prosecuta
1289 2984 1334 3026 est.

276 3060 338 3101 tem:
357 3068 411 3118 qun
427 3052 516 3103 nemini
534 3068 648 3103 concessa
663 3053 740 3104 luerat
754 3054 779 3104 iu
828 3054 890 3111 Qun
908 3052 1007 3101 tandem
1025 3066 1100 3115 quum
1120 3050 1152 3099 sd
1172 3048 1244 3099 lituis
1260 3050 1334 3101 mstis

277 3126 496 3185 confussionis.
828 3126 1096 3192 pervenisset,nsorore
1106 3133 1217 3189 susceptu
1226 3124 1280 3183 luit,
1291 3141 1333 3175 cn-

309 3202 350 3251 55.
368 3202 580 3266 coronaturum]
599 3201 779 3252 Comnssxhe·
829 3208 902 3251 uento
909 3197 1331 3264 Ovioiouiuvimuamorpusss:

277 3274 335 3324 ders
352 3276 451 3326 Baccho
467 3292 543 3334 mern,
558 3292 607 3341 qua
623 3285 700 3342 poete
717 3275 779 3343 elegi
864 3276 976 3323 Orouion
985 3276 1140 3336 accepistisne
1150 3288 1221 3335 quom
1231 3274 1287 3322 hvis
1295 3276 1333 3322 in·

278 3351 462 3401 coronabantur.
894 3350 1039 3406 mlanalnt3
1355 3383 1363 3394 .

309 3424 350 3473 56.
368 3424 444 3479 Quam
462 3426 568 3487 publicus
580 3422 675 3489 fam]
700 3424 779 3481 anm
831 3420 876 3471 hoc
887 3430 932 3478 est,
941 3421 1025 3478 Delos,
1034 3435 1089 3485 qun
1100 3418 1148 3468 alio
1158 3418 1253 3468 nomine
1261 3416 1333 3483 ony-

277 3512 388 3546 coronum
404 3497 470 3547 lavor
486 3494 780 3547 omniumciu‘um'somi·
828 3498 870 3562 gin
896 3493 991 3544 dicitnr.
1025 3494 1132 3542 Ennnti.
1170 3493 1210 3543 De
1236 3492 1333 3541 lantone

278 3580 395 3621 tenorum.
830 3569 946 3619 enonlsus
956 3568 1065 3633 Hymnus
1074 3566 1173 3616 Homeri
1183 3574 1209 3616 et
1218 3564 1333 3615 cattina-

310 3646 351 3696 57.
369 3646 470 3703 hune,
486 3645 545 3709 δια]
569 3645 643 3694 Mstri
661 3642 781 3709 Apollinis
830 3641 945 3691 chivide.
977 3642 1156 3691 Totomlocom.
1189 3640 1280 3689 Locum
1295 3646 1334 3688 tn·

278 3730 304 3771 et
313 3720 409 3771 Dianae.
427 3722 496 3774 Delia
508 3720 584 3768 tellus.
608 3718 684 3768 Delos
693 3717 790 3779 insula„
830 3726 881 3767 tum
892 3715 922 3767 sd
933 3715 1082 3783 pariendum.

279 3810 332 3860 qun
350 3794 427 3845 estin
443 3792 507 3843 Meri
517 3794 604 3859 AEgso,
616 3790 735 3858 Apollinis
751 3807 780 3841 nc
