3609 5967
474 765 709 832 rmsrwn
731 765 824 830 nln.
848 765 892 829 V.
918 763 1054 830 ELEG.
1079 762 1150 829 111.
1267 763 1332 838 al?

287 939 354 1016 Me
370 957 538 1037 quoque,
557 939 594 1018 si
606 939 663 1014 fas
681 949 742 1015 est
758 937 944 1038 exemplis
962 937 1016 1012 irc
1035 937 1215 1026 Deorum,

337 1056 479 1131 Ferrea.
491 1081 572 1131 sors
588 1057 675 1130 vitae
692 1056 931 1152 difficilisque
950 1053 1112 1152 premit:

286 1171 359 1246 lllo
375 1197 447 1246 nec
464 1172 583 1246 levius
600 1171 735 1257 cecidi,
755 1193 870 1267 quem
887 1192 1026 1264 magna
1042 1167 1212 1242 locutum

336 1287 521 1385 Reppulit
538 1313 561 1361 a
578 1287 719 1362 Thebis
736 1285 759 1358 J
763 1285 915 1384 uppiter
932 1284 1020 1380 igne
1038 1308 1118 1356 suo.
1285 1289 1335 1356 30

289 1401 342 1475 Ut
358 1413 485 1476 tamen
503 1403 643 1477 audlsti
660 1424 884 1501 percussum
900 1399 1057 1472 fulmine
1075 1409 1210 1486 vatem,
1319 1469 1322 1476 .

335 1517 544 1592 Admonitu
562 1517 693 1592 matris
711 1515 951 1590 condoluisse
969 1525 1091 1612 potes

286 1633 338 1708 Et
354 1647 477 1733 poteS,
496 1635 713 1733 adspiciens
730 1633 874 1707 circum
890 1641 957 1705 tua
974 1653 1082 1704 sacra
1098 1641 1244 1728 poetas,
1317 1687 1321 1694 .

339 1751 480 1825 Nescio
497 1752 584 1849 quis
601 1751 732 1837 nostri,
751 1751 889 1834 dicere,
908 1748 1032 1820 cultor
1050 1747 1168 1820 abest.

288 1863 372 1951 Fer,
387 1867 485 1940 bone
499 1865 624 1953 Liber,
640 1889 773 1964 opem:
800 1864 856 1938 sic
871 1864 985 1936 altam
999 1862 1179 1958 degravet
1190 1864 1335 1946 ulmum

336 1979 448 2067 Vitis,
467 1991 506 2055 et
522 1982 668 2056 incluso
686 1983 800 2080 plena
816 1981 866 2054 sit
882 2004 956 2054 uva
973 2003 1088 2054 mero.
1283 1983 1332 2052 36

288 2095 352 2168 Sic
369 2096 438 2170 tibi
455 2121 542 2170 cum
562 2097 726 2172 Bacchis
746 2097 969 2194 Satyrorum
987 2119 1109 2191 gnava
1120 2096 1301 2191 juventus

337 2210 461 2305 Adsit,
480 2223 520 2286 et
537 2213 708 2287 adtonito
725 2237 801 2286 non
818 2221 968 2285 taceare
985 2233 1091 2283 sono.

289 2325 389 2402 Ossa
403 2329 628 2427 bipenniferi
645 2330 700 2402 sic
719 2329 796 2402 sint
813 2329 911 2401 male
929 2349 1062 2425 pressa
1080 2321 1255 2422 Lycurgi,

337 2442 462 2542 Impia
477 2469 548 2519 nec
566 2468 679 2545 poena
698 2444 891 2518 Pentheos
909 2442 1044 2516 umbra
1060 2450 1180 2514 vacet.
1283 2447 1333 2514 40

288 2556 353 2633 Sic
370 2558 485 2635 micet
502 2571 697 2648 aeternum,
713 2561 914 2658 vicinaque
931 2559 1057 2657 sidera
1073 2556 1210 2644 vincat,

338 2673 523 2774 Conjugis
541 2678 579 2751 in
597 2678 693 2752 coelo
712 2677 850 2750 Cressa
870 2675 1021 2750 Corona
1038 2682 1126 2748 tuae.

319 2990 360 3037 29.
379 2989 450 3044 Quam
458 2991 580 3054 locutum]
600 2991 747 3057 Capaneum.
836 2990 888 3038 tilm
897 2996 923 3038 et
934 2986 1052 3038 furentflm
1062 2986 1088 3035 in
1100 2986 1147 3036 tuis
1157 2987 1238 3037 sacris.

321 3064 362 3112 ³2.
382 3065 504 3113 Admonitu
521 3067 622 3130 matria]
647 3065 687 3114 Ad
704 3068 787 3115 Seme·
869 3065 910 3112 39.
934 3063 1057 3126 Lyeurgus
1081 3077 1119 3110 rex
1148 3061 1284 3111 Edonorum
1311 3061 1336 3111 in

287 3135 346 3193 lem,
372 3136 464 3185 Bacchi
485 3147 593 3195 matrem,
614 3139 711 3200 referas,
732 3153 786 3204 qua
835 3136 938 3186 Thracia
963 3135 1075 3199 (Heroid.
1097 3135 1122 3184 ii.
1143 3133 1190 3197 iii.)
1213 3135 1337 3184 Bacchum

287 3210 355 3258 Jovia
368 3210 468 3260 fulmine
484 3212 654 3276 conflagravit:
672 3212 787 3277 quemad·
836 3209 909 3258 deum
919 3225 970 3259 csse
984 3225 1074 3274 negans
1083 3216 1109 3258 et
1118 3208 1148 3257 de
1160 3225 1232 3274 regno
1244 3209 1337 3275 fugam,

287 3282 385 3332 modum
397 3293 467 3351 pocta
477 3285 581 3348 Augusti
593 3286 644 3336 ictu
658 3295 788 3352 prostratus
817 3271 822 3286 ¹
837 3285 867 3332 ab
876 3283 918 3334 illo
925 3284 949 3334 iu
960 3284 1062 3334 furorem
1072 3291 1140 3332 actus
1151 3283 1250 3333 traditur
1260 3283 1337 3334 securi

287 3365 333 3406 est.
345 3358 409 3407 Vide
420 3359 502 3408 Natal.
510 3361 555 3408 lib.
565 3377 589 3409 v.
599 3377 621 3409 c.
633 3362 673 3409 la
836 3357 886 3408 aive
896 3357 995 3424 bipenni
1007 3373 1081 3406 unum
1094 3356 1180 3424 pedem
1194 3373 1237 3423 pro
1249 3358 1337 3408 vitibus

321 3432 361 3481 36.
379 3431 445 3480 Mem
462 3433 571 3497 idolum]
590 3433 655 3482 Vino
671 3433 735 3483 intus
751 3433 786 3483 la·
837 3431 962 3480 excidisse.
997 3431 1111 3480 Hiatus.

287 3505 356 3554 tenti.
869 3507 911 3555 40.
929 3506 1063 3570 Panium]
1081 3505 1194 3556 Echionia
1204 3515 1230 3555 et
1241 3501 1337 3571 Agaven

320 3580 360 3628 ³7.
377 3579 469 3629 Sintibi
479 3598 531 3630 enm
542 3580 662 3645 Boua]
680 3579 788 3629 Tradunt
837 3579 909 3637 lilius,
929 3580 1041 3629 Liberum
1065 3580 1162 3644 negavit
1182 3579 1255 3629 deum
1276 3595 1336 3636 asse.

289 3653 413 3703 Bacchum
430 3654 456 3704 in
474 3655 582 3704 exercitu
602 3655 728 3705 mulierum
747 3669 788 3703 co·
837 3671 882 3704 nec
890 3653 1002 3720 mysteria
1011 3655 1062 3720 ejus
1070 3655 1179 3720 accipere
1190 3653 1274 3703 voluit.
1296 3655 1336 3704 Ob

289 3729 354 3793 piam
370 3728 565 3786 circumduxisse,
579 3738 696 3778 minatam
712 3725 797 3785 hastis,
836 3728 882 3778 hoc
895 3745 950 3778 eum
963 3729 1048 3793 Agave
1064 3737 1139 3778 mater
1153 3743 1209 3778 cnm
1222 3727 1339 3784 sororibus

289 3803 407 3869 pampinis
422 3802 549 3852 involutius
566 3804 674 3852 Silenum
690 3817 787 3868 quoque
836 3803 880 3851 Ino
897 3811 922 3852 at
936 3802 1056 3861 Autonoe,
1072 3818 1114 3868 per
1129 3801 1246 3852 insaniam
1262 3818 1277 3851 a
1293 3801 1335 3851 Li-

289 3877 444 3942 pedagogum
455 3893 485 3926 ac
494 3878 640 3936 numitorem,
649 3879 691 3944 qui
700 3877 724 3926 ei
733 3876 787 3943 plu·
836 3878 893 3926 baro
905 3877 1033 3942 objectum,
1044 3875 1193 3926 membratim
1203 3875 1338 3926 dilaniavit.

288 3950 374 4000 dmum
389 3951 419 4000 ad
430 3952 541 4002 virtmm
556 3962 580 4002 et
593 3954 692 4018 gloriam
703 3968 787 4018 resque
837 3953 951 4002 Hennae.

288 4025 387 4074 bellicas
408 4026 509 4091 profuit:
538 4027 684 4092 Satyroaqua
705 4026 787 4084 etiam,
869 4028 910 4076 42.
934 4025 1005 4074 Claro
1028 4025 1117 4074 corono
1138 4024 1204 4088 τω]
1228 4024 1338 4074 Zulicha·

289 4115 388 4162 quorum
398 4116 471 4166 opera
485 4099 511 4149 in
525 4100 692 4171 saltationiluus
702 4116 730 4149 ac
741 4107 788 4149 tra·
837 4099 930 4148 mianua
938 4098 1017 4147 Cretan
1023 4097 1123 4146 Corona:
1134 4097 1230 4163 optime.
1247 4097 1337 4147 Harsa.

289 4173 375 4236 goediis
384 4174 563 4224 oblectabatur:
581 4175 734 4223 wrumenim
741 4175 788 4222 risu
838 4172 969 4228 Ariadnen,
987 4186 1002 4221 a
1018 4171 1110 4220 Thasao
1127 4171 1153 4220 in
1171 4171 1242 4219 Naxo
1260 4169 1338 4220 insula

288 4262 317 4295 ao
323 4247 379 4312 joco
388 4248 462 4297 vitam
472 4265 565 4298 omnem
575 4249 670 4298 felicem
679 4248 789 4298 traduce·
837 4246 986 4302 destitutam,
1011 4245 1122 4293 Bacchus
1143 4259 1241 4292 uxorem
1260 4242 1338 4294 duxit.

286 4321 338 4370 bet.
370 4323 500 4388 Progrmoo
510 4323 552 4372 alii
565 4325 789 4389 laeto,groio,leata.
837 4321 955 4370 Pabulam
975 4320 1046 4369 refert
1065 4317 1210 4368 Ovid.in1
1230 4317 1260 4365 de
1278 4317 1338 4367 Arta

289 4394 371 4444 Codex
390 4396 455 4444 Patri
471 4397 547 4445 Servii
561 4415 629 4454 moa,
645 4395 710 4461 quod
724 4395 790 4446 venit
837 4394 942 4444 amandi.
976 4395 1014 4442 De
1033 4393 1128 4442 Corona
1146 4406 1201 4439 varo
1215 4389 1337 4456 Ariadna,

288 4467 342 4518 dard
351 4471 395 4518 τοῦ
405 4484 498 4520 nouare.
837 4467 911 4532 legito
928 4467 1059 4534 Hyginum,
1070 4464 1112 4530 qui
1129 4479 1178 4512 rem
1193 4463 1273 4513 multis
1284 4481 1337 4514 ver·

309 4545 362 4593 ³8.
379 4545 488 4593 Mtonito
501 4544 787 4608 mammotrectus·
838 4542 876 4591 bia
886 4541 1043 4609 prosequitur.
1077 4539 1149 4614 Mun.
