3609 5967
449 768 684 836 'l'RIS'l'IUM
707 767 799 833 LIB.
824 766 873 833 11.
897 768 969 833 EL.
993 767 1161 835 UNIGA.
1264 770 1329 839 2⁰9

278 940 416 1017 iunxit
430 941 619 1016 Aristides
637 940 791 1016 Milesia
806 941 965 1017 crimino
981 964 1132 1031 secum;

330 1057 471 1132 Pulsus
488 1057 675 1132 Aristides
693 1081 763 1131 nec
782 1068 910 1131 tomen
927 1057 1021 1130 urbe
1039 1079 1121 1129 sua.

282 1170 378 1259 Nec,
390 1174 457 1270 qui
474 1173 677 1273 descripsit
693 1174 882 1273 corrumpi
900 1174 1047 1249 semine
1059 1182 1234 1261 matrum,
1253 1178 1328 1249 415

332 1286 491 1375 Eubius,
509 1288 667 1386 impuroe
685 1289 858 1363 conditor
874 1287 1062 1377 historiae3

281 1389 319 1475 N
321 1426 377 1489 ec,
396 1403 463 1500 qui
480 1404 694 1503 composuit
709 1427 830 1502 nuper
850 1402 1080 1501 Sybaritida,
1098 1400 1217 1500 fugit;

331 1516 416 1591 Nec
432 1542 519 1618 quae
537 1518 762 1593 concubitus
777 1541 854 1591 uon
870 1526 1024 1592 tacuere
1041 1541 1151 1591 suos:
1173 1566 1180 1581 ·

283 1630 460 1730 Suntque
477 1658 524 1729 ep
540 1634 739 1708 doctorum
755 1633 1009 1709 monumentis
1027 1633 1139 1707 misto
1154 1632 1329 1721 virorum,

333 1746 637 1847 Muneribusque
654 1750 794 1823 ducum
811 1750 967 1849 publica
978 1749 1079 1825 facta
1092 1759 1236 1848 patent.
1255 1754 1331 1823 420

285 1860 392 1937 Neve
410 1864 617 1961 peregrinis
636 1874 784 1938 tantum
800 1863 983 1939 defendor
1000 1866 1049 1939 ab
1067 1864 1193 1951 armis,

197 1976 200 1981 ’
334 1976 385 2050 Et
402 1977 597 2053 Romanus
615 1980 730 2055 habet
747 1982 868 2055 multo
879 1982 1015 2078 jocoso
1031 1981 1138 2055 liber.

283 2089 414 2189 thue
431 2118 501 2168 suo
519 2092 685 2169 Martem
701 2096 842 2169 cecinit
859 2096 982 2192 gravis
1003 2094 1149 2169 Ennius
1167 2119 1244 2182 ore,

334 2205 480 2282 Ennius
498 2209 648 2306 ingenio
665 2212 867 2297 maximus,
887 2200 967 2284 arte
985 2211 1110 2301 rudis3

286 2320 465 2421 Explicat
481 2336 524 2398 ut
542 2349 678 2400 causas
693 2327 814 2425 rapidi
833 2324 1033 2400 Lucretius
1051 2326 1162 2423 ignis,
1259 2328 1334 2401 425

336 2437 602 2537 Casurumque
620 2442 761 2541 triplex
777 2442 1002 2516 vaticinatur
1019 2466 1137 2540 opus;

287 2660 374 2710 dicitur
383 2663 458 2719 molis,
468 2662 532 2728 quod
543 2663 665 2730 infringit,
673 2665 699 2715 h.
710 2682 732 2715 e.
742 2665 787 2715 de·
836 2665 903 2724 bria,
911 2665 973 2715 inter
981 2663 1089 2715 Crathim
1096 2673 1121 2714 et
1131 2663 1240 2729 Sybarim
1247 2660 1339 2713 fluuios.

285 2735 366 2785 bilitst
374 2745 447 2801 atque
457 2746 555 2787 enervat
563 2739 628 2788 lucta
643 2738 720 2789 modis
730 2739 788 2790 suis.
870 2742 927 2789 tlt.
946 2740 978 2789 Et
994 2742 1034 2803 qui
1046 2740 1179 2787 concubitus
1192 2756 1238 2787 nou
1249 2747 1341 2787 mcurrs

285 2810 399 2860 Hostus.
837 2814 908 2878 suos]
925 2813 1013 2863 Malim
1023 2830 1081 2877 quo,
1089 2822 1115 2863 ut
1125 2812 1240 2862 Philonis
1249 2821 1275 2861 et
1285 2812 1341 2861 Els-

319 2884 376 2933 413.
386 2884 520 2949 Aristidm]
538 2884 649 2935 Milesius
654 2894 727 2950 poets
734 2884 789 2943 fuit,
837 2888 934 2954 phautis
950 2886 1123 2951 intelligantur,
1141 2901 1241 2951 querum
1258 2883 1341 2934 ioedis·

287 2956 328 3021 qui
344 2957 474 3008 Milesiam
491 2966 610 3023 poemme
626 2966 652 3007 et
669 2959 700 3008 de
719 2961 790 3009 rebus
838 2961 900 3010 sima
920 2960 1009 3025 scripta
1030 2959 1117 3025 passim
1142 2958 1339 3009 circumierebsu-

286 3030 415 3097 impudicis
429 3031 531 3097 scripsit,
541 3032 611 3097 cujus
623 3031 747 3083 Plutarch.
764 3031 789 3082 iu
838 3044 885 3084 tur.
918 3033 1034 3084 Philonis
1048 3032 1180 3091 leucadia,
1194 3032 1263 3098 cujus
1280 3048 1342 3083 vers·

287 3106 383 3163 Crustu,
394 3106 516 3155 Lucienus
528 3105 554 3155 iu
564 3106 694 3155 Amoribus
706 3106 789 3155 metui·
837 3108 983 3175 spurcissimi
999 3124 1014 3158 a
1029 3108 1165 3173 Polycrate,
1184 3107 1290 3173 sophista
1304 3106 1340 3155 A·

287 3186 383 3235 uerunt,
394 3186 420 3228 et
435 3179 558 3228 adnotavit
573 3179 604 3227 de
620 3179 705 3228 eodem
722 3180 787 3245 Aug.
837 3182 966 3240 theuiensi,
978 3182 1120 3232 dicebantur
1134 3198 1186 3231 esse
1200 3180 1342 3248 couscripti;

286 3250 428 3309 Politiauus,
438 3251 543 3301 Miscell.
554 3250 603 3300 rvi.
635 3253 732 3302 Mrcuu.
837 3264 899 3307 teste
911 3257 1051 3307 AEschrioue
1062 3256 1088 3304 iu
1106 3255 1246 3305 Philonidis
1257 3256 1343 3321 Epioe-

320 3327 376 3375 416.
395 3326 711 3389 Eubim,impuraecouditor
721 3329 790 3377 bisto-
838 3330 880 3379 dio
899 3332 964 3396 opud
985 3330 1139 3387 Athenarum.
1159 3328 1244 3377 lviii.
1278 3328 1342 3379 Huic

288 3401 349 3465 rim]
368 3399 520 3451 Credendum
527 3409 572 3457 est,
583 3401 688 3449 Euhium
696 3402 790 3451 histori-
839 3402 1173 3469 adjungituralleuophontc
1180 3401 1222 3450 lib.
1229 3400 1254 3449 ii.
1264 3400 1343 3453 Ἀπο-

289 3474 432 3524 cuminsuo
442 3489 511 3539 opere
527 3472 656 3539 scripsisse,
667 3474 790 3525 mulierem
837 3476 1060 3543 μνημονευμάτων,
1071 3476 1133 3525 Nico
1144 3474 1223 3533 Samis
1233 3474 1343 3525 etCslli·

288 3549 393 3615 aliquam
401 3548 496 3613 potione
503 3547 653 3597 etveueficiis
659 3549 792 3615 corrupisse
826 3552 913 3601 ‘strato
923 3550 1018 3608 lesbia,
1030 3550 1136 3599 versibus
1148 3548 1232 3597 itidem
1246 3549 1341 3597 obscra-

290 3631 398 3687 psrtum;
418 3621 482 3687 quod
499 3637 574 3687 quum
590 3620 681 3678 lecerit,
698 3623 793 3672 videtur
840 3623 1001 3673 nisinlamss:
1019 3624 1078 3674 citat
1088 3623 1167 3673 locum
1177 3621 1343 3687 Xenophontis

292 3697 351 3745 alius
360 3694 475 3761 ejusmodi
486 3694 577 3744 crimen
586 3694 702 3745 docuisse.
719 3696 793 3745 Mu.
840 3698 981 3756 Atheniens,
1000 3696 1043 3747 lib.
1062 3713 1085 3746 v.
1119 3696 1213 3755 Quibus
1233 3694 1343 3745 omuibus

290 3768 412 3827 -Eubii,
428 3769 563 3836 philosophi
584 3768 663 3827 stoici,
683 3770 793 3819 meminit
840 3771 1007 3838 antiquiorem,
1016 3772 1188 3837 Astyanassam
1199 3768 1282 3819 laudat
1293 3769 1344 3817 He·

290 3844 405 3911 Stephon.
421 3843 594 3895 io'soeduov.
626 3844 716 3894 Bonus.
840 3847 937 3911 sycbius
956 3855 981 3895 et
998 3845 1083 3895 Suidas
1100 3845 1199 3895 uerene
1217 3842 1343 3891 ancillam:

323 3920 380 3969 417.
398 3919 456 3975 Noc,
466 3922 506 3983 qui
521 3922 642 3981 composuit
657 3936 732 3983 nuper
748 3920 791 3983 Sy·
842 3920 933 3968 mentio
950 3919 1021 3969 etium
1038 3927 1075 3967 est
1090 3919 1194 3983 Cyrenes
1204 3916 1269 3983 apud
1282 3916 1344 3965 anti·

290 3993 489 4059 heritidojogit]
502 3992 564 4042 Puto
569 3991 697 4057 legendum
703 4002 792 4056 turpem
842 4010 910 4058 quos,
922 4009 994 4058 quum
1003 3986 1212 4059 dodisopr'rxas'ros
1222 3990 1345 4040 dicebaut.

291 4070 431 4132 Sybariticis.
464 4065 610 4116 Hemithaon
625 4066 738 4130 eynardus
747 4070 792 4133 Sy·
842 4066 934 4117 Hrrus.

291 4141 369 4191 berito
377 4140 538 4207 turpissimum
553 4140 640 4189 librum
653 4141 747 4207 scripsit
761 4141 792 4191 dc
875 4142 932 4189 421.
950 4140 985 4189 Ab
998 4142 1068 4189 armis
1080 4138 1228 4205 peregrinis]
1248 4140 1288 4188 Ab
1303 4154 1345 4189 sx-

292 4214 791 4281 reVeneriaapndLucianumrrpdcdrui-
843 4223 962 4265 ternorum
974 4213 1113 4279 scriptorum
1121 4211 1288 4263 voluminibus.

291 4286 387 4339 drosos.
419 4288 524 4337 Idemin
537 4288 719 4352 Pseudologista
731 4288 792 4337 blis-
875 4284 1344 4351 425.Erpttouoseuoosroput.]11ic
1424 4324 1428 4332 .

275 4362 372 4411 ·thouis
393 4362 509 4428 Sybotis
532 4362 640 4411 meminit
665 4362 793 4427 turpissimi
841 4362 909 4411 locus
928 4362 1040 4411 bilariam
1061 4360 1139 4425 accipi
1152 4358 1246 4407 videtur
1261 4374 1344 4423 posse:

263 4486 272 4507 x
292 4434 422 4501 scriptoris:
440 4435 496 4484 hinc
507 4434 632 4499 Sybaritici
646 4435 793 4501 libelliapud
842 4436 882 4485 vel
897 4446 925 4486 ut
943 4435 1082 4503 simpliciter
1101 4433 1181 4498 iguem
1201 4430 1345 4496 accipiamus

293 4508 439 4567 Martialem,
449 4508 493 4557 lib.
503 4507 545 4557 xii.
556 4509 602 4574 Ep.
611 4508 673 4558 xcvi.
699 4508 792 4559 Huius.
843 4510 999 4568 materialem,
1016 4517 1041 4559 et
1057 4523 1105 4575 quo
1121 4504 1227 4571 quotidie
1244 4504 1345 4567 utimur;

294 4581 383 4630 —Fuit
393 4588 474 4631 sutem
488 4582 582 4647 δῃῶν-ι’·
595 4582 709 4648 oppidum
721 4583 794 4632 Cala·
842 4584 882 4635 rel
897 4592 925 4634 ut
935 4584 966 4633 ud
978 4582 1077 4639 tulmen,
1089 4590 1113 4631 st
1123 4580 1175 4647 ejus
1185 4594 1269 4631 esum
1282 4580 1344 4631 relc-
