3609 5967
503 758 643 829 ARTIS
666 760 934 827 AMATORIAE
956 760 1047 827 ΗΒ.
1071 760 1141 825 111.
1296 760 1340 825 dd

302 933 374 1009 Illo
390 936 590 1034 praecipue,
609 960 657 1013 ne
675 935 727 1009 eis
744 958 901 1019 morosa,
920 942 1052 1008 caveto

350 1050 557 1150 Tempore:
585 1074 656 1127 nec
674 1050 798 1151 lapsas
816 1072 920 1147 srepe
936 1048 1079 1122 resolve
1095 1072 1235 1123 eomas.

302 1164 398 1241 'luta
415 1167 465 1241 sit
480 1165 658 1241 ornatrix.
686 1166 763 1253 odi,
781 1189 866 1264 quse
884 1164 1028 1241 sauciat
1042 1186 1109 1237 ora

352 1280 562 1378 UnguibuS,
581 1292 621 1357 et
637 1282 745 1380 rapta
761 1280 916 1357 brachia
931 1279 1014 1377 figit
1030 1302 1113 1353 acu.
1263 1282 1338 1353 240

303 1396 483 1484 Devovet,
503 1410 542 1473 et
558 1398 718 1473 dominae
736 1396 856 1493 tangit
872 1406 988 1494 caput
1004 1394 1087 1469 illa:
1116 1392 1303 1491 simulque

342 1511 481 1587 'Plorat
498 1514 546 1587 ad
563 1515 701 1589 invisas
719 1514 1005 1611 sanguinolenta
1020 1535 1161 1585 comas.

304 1627 399 1711 Quae
426 1630 523 1703 male
541 1630 675 1709 crinita
691 1639 761 1716 est,
779 1629 975 1705 custodem
990 1628 1028 1701 in
1045 1626 1172 1703 limine
1189 1635 1323 1725 ponat;

355 1743 563 1819 Orneturve
584 1744 702 1821 Bonae
720 1767 868 1842 semper
885 1744 924 1817 in
941 1743 1022 1817 rede
1041 1742 1146 1817 Deoe.

309 1860 443 1933 Dictus
461 1885 562 1937 eram
579 1861 728 1935 cuidam
746 1860 871 1935 subito
888 1859 1036 1933 venisse
1053 1859 1209 1957 puellae3
1267 1862 1341 1934 245

355 1975 521 2051 Turbida
538 2002 731 2077 perversas
749 1978 871 2052 induit
888 1978 952 2052 illa
967 2000 1108 2053 comas.

307 2088 488 2165 Hostibus
505 2093 653 2169 eveniat
668 2104 745 2172 tam
763 2092 851 2167 foedi
869 2116 1005 2167 caussa
1020 2092 1195 2189 pudoris;

294 2219 297 2225 '
356 2206 478 2304 Inque
495 2233 609 2286 nurus
629 2208 789 2285 Parthas
806 2208 973 2287 dedecus
990 2208 1082 2283 illud
1100 2217 1174 2287 eat.
1229 2209 1317 2305 [pus
1333 2233 1341 2282 :

306 2322 431 2421 Turpe
441 2348 558 2422 pecus
569 2326 759 2401 mutilum:
782 2334 892 2424 turpe
902 2334 962 2399 est
975 2325 1057 2399 siue
1067 2324 1234 2421 gramine
1243 2346 1344 2397 cam·

357 2437 407 2512 Et
424 2439 505 2513 sine
521 2439 651 2515 sronde
669 2440 791 2517 frutex
807 2470 816 2531 ;
845 2454 884 2517 et
900 2442 982 2515 sine
998 2441 1101 2515 crine
1117 2450 1244 2538 caput.
1270 2444 1346 2513 250

311 2552 345 2625 N
349 2578 398 2629 on
415 2554 507 2631 mihi
524 2554 690 2643 venistis,
711 2558 872 2645 Semele,
893 2558 1053 2644 Ledeue,
1071 2556 1274 2631 docendae:

359 2666 511 2767 Perque
526 2670 663 2747 fretum
680 2673 786 2763 salso,
806 2674 950 2761 Sidoni,
967 2682 1077 2748 vecta
1091 2673 1200 2747 bove.

310 2785 389 2861 Aut
406 2783 566 2875 Helene,
585 2812 701 2885 quem
717 2815 791 2863 non
811 2792 940 2877 stulte,
959 2789 1143 2875 Merene,
1161 2789 1348 2887 reposcis;

361 2900 420 2975 'l'u
438 2926 592 3003 quoque
610 2928 684 2979 non
703 2906 827 2992 stulte,
846 2905 957 2980 Troic
974 2914 1111 3005 raptor,
1130 2904 1259 2978 habes.

311 3006 438 3091 Turba
453 3018 625 3092 docenda
642 3020 754 3106 venit,
774 3021 939 3119 pulchrae
956 3030 1160 3119 turpesque
1178 3020 1326 3118 puelloe,

362 3130 552 3232 Pluraque
570 3146 658 3209 suut
676 3158 824 3235 semper
841 3134 1028 3209 deteriora
1044 3135 1165 3209 bouis.
1276 3142 1350 3213 256

315 3247 499 3321 Formosae
517 3249 639 3322 minus
658 3250 746 3323 artis
764 3274 874 3349 opem
892 3260 1159 3349 praeceptaque
1175 3262 1331 3329 curant:

361 3360 432 3437 Est
449 3363 521 3437 illis
539 3365 706 3451 suedos,
725 3364 843 3438 forma
859 3366 940 3439 sine
958 3376 1037 3439 arte
1055 3376 1201 3463 potens.

314 3482 412 3555 Cum
430 3504 532 3554 mare
549 3482 798 3581 compositum
813 3491 883 3569 est,
900 3504 1055 3555 securus
1073 3480 1198 3553 navita
1214 3492 1351 3570 cessat,

364 3596 463 3671 Cum
480 3606 611 3683 tumet,
631 3596 779 3671 auxiliis
798 3596 945 3671 adsidet
961 3596 1025 3669 ille
1042 3595 1133 3669 suis,
1277 3602 1352 3671 260

346 3844 403 3891 ert.
421 3842 626 3891 emesenum
636 3860 720 3908 temper
729 3847 756 3893 in
765 3846 811 3893 ede
861 3842 929 3909 quui
943 3842 1008 3891 <lomi
1025 3858 1051 3891 ee
1065 3842 1142 3891 umeri
1157 3840 1316 3901 tirenum,
1329 3842 1355 3894 in

317 3916 390 3979 Dee]
408 3916 464 3974 Quo
473 3915 579 3965 maribus
587 3916 652 3965 edire
660 3932 708 3966 non
715 3917 811 3967 liesbst.
861 3916 981 3982 temploee
992 3915 1355 3981 aulnetoribuepemuadeet,

316 3991 380 4039 Hine
396 3990 514 4047 llbvrllue,
532 3990 575 4039 lib.
593 3989 611 4038 i.
629 3990 698 4056 Eleg.
715 3991 756 4041 rii.
772 3993 812 4041 22.
862 3990 902 4040 ubi
916 3990 1047 4057 periculum
1064 3997 1221 4048 ueneratus
1234 4006 1250 4039 e
1262 3991 1356 4056 proceni

316 4066 386 4113 Saevo
397 4064 464 4115 Bone
472 4066 571 4115 meru
582 4082 627 4113 non
636 4067 743 4115 adeundo
751 4065 812 4115 Dea.
861 4066 933 4113 turbs
946 4064 989 4114 illa
1004 4063 1119 4129 juvenum
1135 4064 1356 4130 deprehenderetur,

316 4139 333 4199 ἡ
350 4140 405 4199 θεὸς
421 4138 550 4203 γυναικεία
566 4138 657 4189 Gracia
675 4138 739 4204 apud
757 4140 813 4187 Me·
862 4148 889 4188 ut
906 4138 993 4203 quibus
1010 4138 1047 4187 lu
1062 4154 1110 4187 nou
1127 4148 1178 4187 eret
1193 4138 1237 4187 illo
1253 4138 1358 4188 introire.

317 4214 432 4270 crobium,
442 4213 487 4261 lib.
498 4214 515 4263 i.
525 4228 578 4279 cap.
592 4214 630 4263 ll.
642 4213 668 4262 in
682 4212 813 4263 Saturnali·
862 4228 907 4277 ego
919 4212 1071 4277 explicaret,
1088 4221 1182 4261 ornetur
1198 4211 1263 4261 domi
1279 4211 1304 4258 in
1320 4226 1358 4259 ee·

317 4288 362 4336 bus
371 4286 466 4343 dicitnr,
477 4286 518 4351 qui
530 4287 606 4335 multe
618 4286 649 4336 de
662 4286 748 4352 opertis
762 4287 814 4353 ejus
862 4295 929 4335 crete
943 4294 1018 4351 perte,
1034 4293 1156 4350 tamquam
1172 4284 1198 4333 in
1213 4284 1266 4333 ode
1283 4284 1357 4333 Bono

313 4362 390 4409 ueris
401 4360 426 4409 in
440 4362 517 4409 luceru
531 4360 626 4426 poten.
659 4361 719 4410 llec
732 4362 815 4410 Fauna
863 4358 933 4416 Deo,
952 4368 978 4407 et
996 4357 1115 4409 nemimm
1134 4356 1252 4407 admittat.
1285 4356 1359 4405 Om-

321 4434 394 4483 l’utua
414 4434 489 4483 Fauni
510 4450 568 4483 uxor
587 4444 611 4483 et
627 4450 698 4485 curor.
725 4436 814 4484 Herm.
864 4433 1217 4496 turquePeletinetBeruene.
1249 4430 1339 4479 Boerr.

322 4506 426 4555 Dourelr
470 4508 505 4582 ips
514 4508 632 4573 capiebat,
643 4525 689 4559 uon
700 4508 767 4573 quui
779 4524 815 4557 re-
896 4508 953 4557 252
971 4506 1037 4555 Pulso
1052 4505 1124 4567 tom]
1143 4503 1214 4551 Flauo
1228 4503 1358 4555 Peletinue.

320 4596 376 4629 vere
389 4580 414 4631 iu
426 4524 483 4631 :de
490 4584 563 4631 Bone
575 4582 635 4631 Dee
648 4598 673 4631 ee
686 4590 761 4639 ornet,
773 4581 815 4631 red
865 4581 937 4630 male.
949 4580 997 4630 vid.
1008 4581 1025 4629 i.
1034 4581 1115 4629 Amor.
1126 4578 1160 4629 iii.
1169 4578 1212 4627 23.
