3609 5967
489 760 556 827 268
785 760 824 825 P.
849 759 1012 827 OVIDlI
1039 761 1250 828 NASONIS

489 935 625 1010 Fertur
639 945 678 1009 et
695 934 862 1010 abducta
880 933 1110 1034 Lyrnesside
1127 937 1245 1011 tristis
1262 936 1432 1016 Achilles
1498 947 1542 1018 15

540 1051 738 1125 Haemonia
755 1076 864 1126 curas
879 1063 1100 1127 attenuasse
1118 1053 1213 1151 lyra.

488 1168 616 1254 Quum
634 1167 800 1243 traheret
816 1167 929 1240 silvas
949 1167 1126 1266 Orpheus
1145 1179 1184 1242 et
1200 1168 1297 1245 dura
1309 1173 1482 1248 canendo

537 1283 653 1370 Saxa,
673 1283 732 1356 bis
751 1283 891 1356 amissa
906 1286 1069 1381 conjuge
1086 1295 1243 1360 moestus
1261 1300 1353 1362 erat.

486 1399 553 1475 Me
564 1423 719 1498 quoque
730 1399 846 1474 Musa
854 1400 966 1487 levat,
980 1400 1093 1475 Ponti
1108 1402 1193 1475 loca
1200 1404 1312 1500 jussa
1323 1415 1535 1502 petentem;

537 1516 629 1589 Sola
645 1539 774 1590 comes
792 1527 930 1590 nostrae
948 1516 1115 1614 perstitit
1132 1517 1198 1591 illa
1214 1517 1336 1615 fngae:
1490 1526 1540 1595 20

485 1633 578 1707 Sola
593 1656 664 1706 nec
683 1630 837 1705 insidias
855 1630 1063 1717 hominurn,
1084 1655 1156 1705 neo
1173 1632 1303 1706 militis
1322 1656 1467 1722 ensem,

529 1748 619 1823 'Nec
638 1772 753 1835 mare,
772 1772 842 1821 nec
859 1759 1005 1835 ventos
1025 1749 1317 1848 barbariemque
1337 1752 1460 1826 timet.

486 1866 570 1941 Scit
587 1890 753 1964 quoque,
772 1889 891 1964 quum
906 1866 1012 1964 perii,
1027 1866 1115 1965 quis
1133 1891 1195 1940 me
1211 1867 1406 1966 deceperit
1423 1892 1535 1956 error,
1549 1962 1558 1972 x

536 1981 589 2056 Et
605 1983 758 2080 eulpam
777 1982 816 2054 in
830 1982 945 2070 lacto,
965 2007 1040 2057 non
1058 1984 1197 2070 scelus,
1216 2000 1302 2057 esse
1320 2007 1417 2056 meo,

487 2098 645 2173 Scilicet
662 2099 733 2172 hoe
752 2098 835 2196 ipso
849 2122 950 2172 nunc
969 2121 1091 2196 aeqna,
1104 2097 1207 2195 quod
1225 2098 1347 2173 obfuit
1358 2108 1460 2186 ante,
1487 2104 1537 2174 25

534 2214 662 2300 Quum
680 2210 829 2287 mecum
842 2214 966 2312 juncti
984 2213 1149 2288 criminis
1168 2225 1256 2288 acta
1272 2238 1337 2289 rea
1354 2224 1424 2289 est.

482 2328 571 2404 Non
589 2328 767 2427 equidem
785 2331 932 2419 vellem,
953 2331 1132 2428 quoniam
1150 2332 1321 2406 nocitura
1337 2331 1501 2417 fuerunt,

533 2445 728 2519 Pieridum
746 2447 864 2520 sacris
882 2436 1108 2545 imposuisse
1127 2472 1293 2545 manum.

483 2562 562 2637 Sed
579 2585 680 2636 nunc
699 2564 791 2661 quid
808 2563 966 2638 faciam?
983 2564 1040 2638 vis
1053 2588 1115 2638 me
1133 2574 1238 2638 tenet
1251 2564 1336 2662 ipsa
1349 2586 1532 2649 sororum,

532 2676 584 2752 Et
600 2702 752 2753 carmen
769 2680 939 2767 demens,
958 2681 1122 2755 carmine
1140 2681 1266 2767 laesus,
1283 2703 1380 2754 amo,
1485 2684 1534 2752 30

484 2794 549 2868 Sic
568 2818 664 2868 nova
682 2794 861 2870 Dulichio
877 2796 975 2871 lotos
994 2798 1301 2896 gustatalpalato,

534 2908 618 2996 Illo,
638 2935 714 3008 quo
731 2913 872 2999 nocuit,
891 2923 1000 3009 grata
1017 2939 1152 3015 sapore
1170 2914 1254 2988 fuit.

484 3024 609 3101 Sentit
623 3049 753 3099 amans
769 3051 839 3102 sna
850 3029 989 3103 damna
999 3030 1095 3120 fere;
1124 3042 1252 3104 tamen
1266 3030 1384 3102 haeret
1394 3028 1432 3100 in
1446 3028 1532 3113 illis,

371 3222 375 3247 ι
487 3178 489 3183 ·
532 3140 735 3215 Materiam
752 3144 875 3242 culpae
894 3146 1212 3252 persequiturque
1230 3168 1321 3218 suae.

516 3358 554 3407 lb.
568 3358 674 3406 Abducta
691 3357 849 3423 Lyraussidcd
868 3359 983 3412 Abducta
1064 3364 1106 3411 21.
1128 3362 1254 3411 Hominum
1272 3378 1313 3410 nac
1330 3361 1411 3408 auius
1430 3358 1465 3422 a]
1488 3358 1534 3407 Hic

481 3430 643 3497 Hippodamia
660 3432 735 3496 Bripei
747 3432 804 3481 lilia.
838 3436 982 3498 Lymessum
1033 3435 1103 3485 valde
1113 3435 1206 3484 variant
1216 3434 1287 3484 codd.
1307 3431 1534 3490 Camillorum

480 3515 560 3555 eutem
575 3504 689 3570 oppidum
707 3506 752 3555 luit
772 3507 796 3555 in
814 3524 856 3556 ora
872 3508 982 3574 'l'rojena,
1032 3526 1074 3558 uer
1085 3509 1185 3557 lbracia
1201 3510 1256 3565 telo,
1266 3522 1320 3572 qna
1334 3505 1406 3554 lectio
1416 3504 1534 3570 imprimis

480 3588 563 3629 centn
583 3579 684 3635 lesbon
703 3580 870 3646 Hippodamia
890 3582 981 3647 patria:
1032 3582 1126 3631 adridet
1151 3583 1297 3630 Burmanuo.
1327 3578 1448 3636 Heinsius,
1469 3578 1534 3643 quod

481 3653 545 3703 unde
571 3653 624 3719 ipsa
650 3653 763 3717 Lyrnesia
790 3653 912 3720 adpellata
939 3666 982 3706 est.
1032 3664 1102 3722 poeta
1111 3656 1198 3721 gladiis
1206 3654 1449 3705 latronum'l'brecum
1460 3668 1534 3717 expo·

481 3728 571 3778 ilrras.
1032 3731 1093 3779 sitas
1112 3729 1185 3779 luisse
1200 3728 1304 3786 videtur,
1321 3724 1457 3791 rescripsit:
1480 3726 1533 3774 Solo

514 3803 553 3850 16.
570 3801 689 3851 Heraeus
706 3802 781 3866 lyra]
801 3803 864 3867 Lyra
878 3802 982 3854 Achillis
1032 3820 1074 3853 nec
1088 3806 1185 3853 iusidias
1197 3803 1328 3852 Thracisce
1344 3803 1425 3849 militis
1440 3816 1514 3849 essm
1523 3819 1531 3855 ,-

480 3874 846 3931 Harmoniibocestl'bessali.
881 3877 982 3926 Hoemon
1031 3887 1074 3927 aut
1089 3878 1238 3928 scribendum
1255 3885 1335 3942 putat:
1354 3876 1407 3923 Sola
1424 3891 1465 3923 nes
1478 3877 1535 3923 issi·

479 3948 543 3998 enirn
554 3965 595 3997 res
606 3948 651 3998 snit
660 3949 819 4007 'sbessalia,a
829 3966 876 4016 quo
885 3952 981 4001 Haemo-
1031 3955 1089 4008 dias,
1101 3970 1142 4001 nse
1157 3954 1211 4007 iter.
1222 3968 1264 4000 sss
1279 3951 1375 3999 l'ltrseia
1391 3950 1451 3998 tela:
1468 3950 1534 4014 quod

479 4022 520 4072 nia
534 4022 657 4072 Thessalia
673 4023 841 4088 cognominata
857 4024 912 4082 luit,
927 4041 981 4090 que
1031 4041 1087 4074 vero
1097 4041 1114 4073 a
1123 4024 1228 4089 vestigiis
1238 4023 1320 4089 primm
1330 4022 1452 4087 scripturas
1463 4021 1537 4070 nimis

478 4106 561 4162 postea
575 4097 605 4144 ab
620 4099 672 4163 ejus
682 4097 731 4146 filio
740 4098 854 4148 Tbessalo
865 4098 981 4165 adpellari
1031 4098 1129 4149 recedit.
1149 4096 1328 4163 liquidemnisi
1336 4095 1431 4146 codices
1437 4094 1537 4161 plurimi

478 4180 559 4237 coepta
568 4171 623 4220 run.
1029 4171 1053 4221 in
1064 4187 1116 4220 roc.
1140 4171 1245 4220 Threicio
1255 4169 1301 4235 (de
1312 4185 1360 4235 quo
1374 4168 1424 4233 egit
1435 4184 1535 4233 qnoque

513 4246 551 4294 19.
569 4245 609 4293 Me
624 4261 709 4308 qaoque
725 4245 794 4294 Maso
809 4245 889 4309 leona]
909 4246 979 4294 Musa
1029 4243 1155 4308 Heinsius)
1177 4253 1219 4293 eut
1242 4244 1345 4293 Thracia
1361 4243 1537 4299 consentirent,

469 4324 543 4381 javat
560 4317 717 4368 Ricbelianns
732 4326 756 4367 et
772 4318 849 4379 alius;
864 4319 908 4368 sed
919 4322 978 4368 least
1028 4318 1090 4368 hanc
1101 4319 1227 4368 lectionem
1237 4314 1537 4384 putaremesseinterpre-

477 4393 554 4458 magis
566 4393 676 4441 convenit
685 4392 711 4441 in
720 4393 831 4442 exsilium
842 4391 909 4441 ennti
922 4409 978 4459 poe·
1028 4399 1160 4441 tenentum
1171 4397 1222 4442 τῶν
1229 4394 1311 4439 militie
1321 4407 1405 4439 mem:
1423 4388 1535 4452 querela

477 4474 518 4516 ta.
537 4466 643 4516 Similem
651 4465 812 4516 diversitatem
823 4466 849 4514 in
863 4466 979 4532 Propertii
1028 4464 1195 4515 emendatione
1205 4466 1289 4514 Burm.
1300 4463 1434 4529 acquiesco·
1451 4462 1483 4511 ci.
1493 4478 1538 4511 sn-

477 4539 520 4587 lib.
530 4538 547 4586 i.
558 4540 626 4604 Eleg.
637 4539 670 4589 ix.
681 4552 729 4590 ver.
741 4539 784 4589 ult.
794 4537 886 4589 notarit
903 4540 979 4589 Brou-
1028 4555 1071 4604 prs
1081 4538 1115 4588 iii.
1128 4542 1166 4589 l0.
1177 4557 1216 4590 rr.
1225 4540 1267 4589 53.
1277 4553 1330 4603 sqq.
1363 4536 1478 4584 Histris.

478 4610 584 4661 kbusius.
1342 4614 1348 4621 '
