3609 5967
417 788 487 859 Ex
511 789 674 857 ΡΟΝΤΟ
698 786 790 856 LIB.
814 788 878 856 IV.
902 788 1052 857 EPIST.
1076 792 1127 857 Χ.
1231 792 1295 858 511

246 965 413 1040 Fortuna
429 977 490 1039 est
506 965 627 1064 impar
644 964 783 1051 auimo,
803 963 949 1062 talique
965 964 1129 1040 libenter

296 1086 466 1183 Exiguae
485 1108 600 1184 carpo
619 1106 774 1157 munere
791 1106 939 1182 pauper
955 1104 1060 1180 opes.

246 1202 329 1277 Neo
342 1201 623 1276 vestrisdumus
637 1201 719 1273 haeo
730 1198 864 1286 oculis,
880 1197 1011 1296 procul
1025 1196 1119 1271 urbe
1138 1199 1269 1272 remoti
1283 1227 1292 1287 ;

297 1318 478 1392 Contenti
495 1318 613 1391 tacita
631 1314 699 1390 sed
714 1314 857 1414 pietate
875 1338 1019 1387 sumus.

248 1432 299 1508 Et
315 1442 443 1508 tamen
459 1434 541 1506 haec
560 1441 720 1529 tangent
738 1430 943 1529 aliquando
958 1428 1121 1503 Caesaris
1139 1452 1272 1503 aures:

299 1548 365 1623 Nil
382 1549 501 1635 illum,
515 1558 596 1623 toto
614 1547 718 1646 quod
735 1545 779 1619 fit
795 1534 952 1632 inorbo,
971 1546 1078 1619 latet.
1229 1546 1298 1617 126

247 1662 306 1738 Τιι
323 1674 426 1739 certe
444 1647 520 1737 seis
537 1663 609 1738 hoc
630 1661 787 1760 Superis
805 1660 963 1747 adscite,
974 1660 1171 1758 ridesque,
1193 1679 1195 1683 '
1269 1666 1272 1671 ’

220 1782 222 1785 ’
300 1780 443 1867 Caesar,
458 1790 501 1853 ut
518 1788 577 1853 est
593 1777 714 1853 oculis
733 1774 886 1851 subdita
903 1786 1004 1850 terra
1019 1775 1118 1850 tuis!

247 1895 307 1970 Tu
325 1906 473 1969 nostros
491 1893 613 1980 audie,
632 1894 730 1967 inter
747 1914 918 1965 convexa
934 1890 1083 1965 locatus

281 2010 446 2101 ,Sidera,
467 2010 627 2097 sollicito
646 2032 742 2108 quas
759 2009 894 2082 damus
913 2030 989 2094 ore,
1009 2028 1156 2107 preces.
1231 2009 1301 2079 130

251 2125 479 2201 Perveniant
495 2125 593 2203 istuc
612 2135 652 2202 et
668 2125 836 2200 carmina
852 2122 1009 2198 forsitan
1026 2122 1102 2211 illa,

301 2240 396 2327 Quae
414 2243 463 2317 de
482 2253 520 2317 te
538 2241 625 2316 misi
641 2234 767 2315 eoelite
785 2239 887 2313 facta
904 2262 1013 2311 novo.

251 2355 426 2455 Auguror
442 2355 501 2431 his
519 2358 634 2455 igitur
650 2356 753 2432 flecti
770 2366 838 2430 tua
854 2355 1030 2444 numina3
1059 2377 1130 2429 neo
1148 2364 1192 2429 tu

302 2472 498 2548 Immerito
515 2497 653 2549 nomen
670 2472 763 2547 mite
780 2472 950 2572 parentis
968 2471 1099 2545 habes.

572 2926 899 3003 EPISTOLA
932 2926 983 3002 X.

585 3109 968 3195 r'nnnruovnrro
1072 3131 1075 3135 ’

256 3289 338 3365 Hrc
357 3291 448 3365 mihi
467 3288 673 3365 Cimmerio
690 3288 750 3363 bis
768 3288 880 3363 tertia
896 3287 1050 3369 ducitur
1066 3264 1179 3367 aesteo
1250 3280 1257 3291 ’
1341 3394 1346 3403 ¹

306 3404 445 3495 Litore,
465 3407 616 3508 pellitos
634 3404 732 3481 inter
752 3404 900 3502 agenda
919 3404 1053 3481 Getas.

289 3673 344 3721 121.
371 3672 477 3723 Fortuna
503 3684 536 3723 err
558 3676 634 3735 imper
655 3672 752 3736 animo]
805 3672 836 3721 Et
851 3680 878 3723 tu
897 3689 912 3722 e
929 3672 993 3724 eoelo
1008 3672 1112 3741 dupieir
1131 3690 1185 3741 qun
1204 3676 1264 3727 finnt
1280 3678 1306 3727 in

255 3746 311 3796 Non
326 3762 421 3812 pomum
436 3756 531 3797 tantum
543 3746 647 3811 nequi,
657 3746 696 3795 vol
711 3744 755 3793 inr-
804 3756 875 3796 terre.

255 3819 359 3884 pendere
377 3829 473 3887 propter
490 3818 662 3887 impotentiam,
680 3835 755 3885 quan·
840 3823 895 3871 1³⁴.
913 3822 1042 3886 Pomm]
1062 3822 1249 3889 Petriepetrim
1263 3824 1307 3875 sed

254 3900 306 3941 tum
323 3891 400 3959 cupio,
412 3893 558 3944 ostendendo
572 3893 685 3959 pietatem
700 3908 757 3957 erga
805 3896 1201 3964 Sueton.cap.26.recnmhoc
1213 3914 1308 3956 nomen,
1342 3958 1347 3965 Ι

255 3964 400 4031 Augustum.
422 3967 483 4016 Tali.
504 3967 558 4017 Tali
566 3966 661 4033 pietatis
670 3966 756 4016 officio.
805 3968 896 4019 scribit.

290 4041 345 4089 122.
363 4041 459 4106 Carpo]
477 4040 597 4091 consumo
605 4049 630 4089 et
639 4039 756 4107 expendo.
1037 4096 1044 4105 ,

290 4116 345 4165 123.
364 4116 414 4166 Nee
428 4116 651 4167 mumanae
665 4114 756 4179 eculin]
839 4116 855 4147 ¹
872 4116 1064 4183 Annruovruoz]
1092 4117 1188 4167 Merula
1207 4118 1309 4171 Albino·

256 4190 309 4238 Nec
334 4188 387 4239 brec
412 4190 561 4241 celebramur
582 4189 608 4239 in
628 4197 757 4256 conspectu
806 4205 896 4241 renum
916 4191 980 4241 hunc
999 4207 1051 4241 ene
1069 4191 1150 4249 uadit,
1164 4193 1264 4243 Celsum
1279 4195 1309 4245 il·

256 4270 342 4321 rutro,
364 4270 392 4313 ut
410 4264 534 4315 videamur
552 4280 568 4314 a
586 4263 663 4321 vobin,
684 4271 709 4313 et
728 4280 757 4313 eo
806 4263 866 4323 lum,
882 4266 913 4316 ed
935 4282 1007 4332 quem
1029 4274 1055 4315 et
1075 4266 1190 4316 Horatius
1207 4267 1310 4333 scripsit.

255 4337 678 4403 pectogretiemvestmmineemue.
806 4338 989 4404 EgoPedonem
997 4339 1309 4397 Albinovunnmuoucelni

290 4412 347 4460 127.
365 4411 401 4460 Tu
411 4422 472 4463 certe
482 4416 524 4462 roo
534 4413 595 4477 hoo]
614 4411 694 4463 Vertit
708 4427 757 4463 rer·
806 4428 958 4478 prenomen.
967 4412 1010 4463 sed
1031 4412 1085 4462 cni
1106 4413 1226 4472 habuitne,
1244 4416 1309 4482 apud

254 4498 349 4535 nouem
371 4484 403 4534 ed
418 4484 563 4551 Augustum,
579 4502 651 4561 quem
672 4493 757 4537 testem
807 4486 867 4536 elios
885 4487 984 4552 reperio.
1025 4486 1058 4535 Et
1077 4487 1191 4538 Horatius
1210 4488 1309 4537 comm

254 4556 675 4627 cinthujmodiergneepietatir.
806 4559 883 4617 illum,
895 4576 943 4609 non
954 4560 1184 4626 utpoetamsedut
1196 4560 1308 4612 comitem

290 4634 343 4683 128.
363 4634 755 4699 Etoetmihmtditaunotum]
807 4632 1179 4685 uererimeeroniscelebret.
1211 4636 1310 4686 Mrcrn.
