3609 5967
419 787 488 851 EX
511 784 675 852 PONTO
698 784 789 851 ΗΒ.
815 782 877 851 IV.
902 782 1058 858 EPlsrss
1074 786 1117 852 V.
1228 790 1298 857 493

137 942 142 953 ’
245 959 324 1034 Aut
341 958 437 1035 feret
453 958 627 1057 Augusto
646 957 796 1033 solitam
814 968 982 1056 natoque
1000 961 1174 1051 salutem,

274 1076 433 1176 „Deque
451 1100 584 1175 parum
598 1086 688 1149 noto
706 1074 880 1150 consulet
896 1076 1032 1151 officio.

244 1192 412 1293 Tempus
429 1195 478 1268 ab
495 1192 554 1267 his
572 1214 733 1267 vacuum
752 1191 883 1267 Caesar
899 1192 1151 1270 Germanicus
1169 1220 1280 1271 omne

295 1307 474 1384 Auferet:
503 1307 690 1406 arnagnis
708 1308 808 1382 hunc
827 1310 920 1383 colit
936 1309 1001 1384 ille
1019 1309 1128 1385 Deis.
1205 1356 1209 1363 ·
1247 1316 1296 1387 26

246 1425 374 1511 Quum
392 1437 520 1501 tamen
538 1451 561 1501 a
577 1426 690 1500 turba
706 1449 829 1499 rerum
848 1426 1076 1524 requieverit
1092 1429 1237 1515 harum,

295 1542 357 1617 Ad
374 1568 442 1617 vos
459 1553 676 1619 mansuetas
694 1543 862 1643 porriget
879 1542 943 1616 ille
961 1568 1118 1633 manus;

245 1657 426 1757 Quidque
436 1684 573 1759 parens
584 1684 655 1755 ego
665 1670 790 1761 vester
800 1684 925 1756 agam,
937 1656 1098 1735 fortasse
1109 1660 1294 1758 requiret:

296 1775 404 1855 Talia
419 1800 487 1850 vos
505 1777 558 1849 illi
577 1776 734 1849 reddere
752 1776 868 1850 verba
884 1776 1010 1850 velim.
1249 1782 1299 1850 30

245 1890 349 1965 Vivit
366 1892 503 1981 adhuc,
523 1892 715 1990 vitamque
733 1891 802 1966 tibi
820 1892 961 1967 debere
978 1892 1129 1979 fatetur,

297 2005 421 2092 Quam
440 2008 543 2108 prius
562 2008 683 2083 omiti
704 2009 856 2083 Caesare
874 2032 1012 2083 munus
1030 2008 1158 2083 habet.
1267 2098 1270 2111 Ι

247 2122 302 2198 Te
320 2124 405 2211 sibi,
421 2148 539 2221 quum
557 2122 716 2221 fugeret,
733 2124 889 2198 memori
908 2124 1006 2199 solet
1022 2148 1087 2199 ore
1105 2124 1255 2211 referre,

299 2238 489 2313 Barbaria
507 2249 609 2314 tutas
627 2239 849 2315 exhibuisse
867 2239 961 2313 vias.

249 2348 443 2452 Sanguine
461 2352 676 2429 Bistonium
696 2356 799 2452 quod
821 2380 896 2429 non
913 2355 1138 2455 tepefecerit
1154 2380 1297 2445 ensem,

299 2468 489 2544 Effectum
507 2493 599 2545 cura
616 2470 780 2569 pectoris
798 2494 884 2545 esse
902 2470 971 2545 tui.
1104 2533 1107 2539 .
1250 2477 1299 2545 36

247 2584 390 2660 Addita
406 2595 590 2684 proeterea
606 2586 692 2659 vitoe
711 2609 865 2684 quoque
883 2585 1005 2659 multa
1021 2585 1173 2661 tuendae

298 2700 471 2789 Munera,
491 2726 539 2777 ne
557 2702 727 2801 proprias
746 2713 963 2778 attenuaret
979 2726 1087 2802 open.

247 2815 324 2891 Pro
341 2817 481 2915 quibus
500 2828 542 2892 ut
558 2817 702 2893 meritis
720 2818 904 2893 referatur
918 2818 1051 2917 gratia,
1065 2820 1183 2917 jurat,

300 2932 352 3009 Se
370 2932 449 3009 fore
467 2933 710 3033 mancipium,
729 2946 880 3035 tempus
898 2935 938 3009 in
956 2958 1081 3023 omne,
1099 2945 1221 3010 tuum.
1250 2939 1301 3009 40

279 3150 320 3197 24.
333 3150 370 3199 Dr
381 3146 455 3214 efficio
465 3165 548 3213 purum
561 3149 638 3213 norn]
657 3149 696 3198 De
711 3165 748 3200 re-
800 3150 846 3199 Hic
857 3150 925 3200 loeus
935 3150 971 3200 ita
980 3150 1152 3216 intelligendus
1161 3150 1263 3210 ridetur,
1273 3160 1301 3201 ut

249 3223 293 3271 bur
308 3222 481 3290 pertinentibus
492 3222 523 3273 nd
538 3223 689 3273 consulatum
703 3220 747 3271 mi·
798 3224 969 3275 Germanicam
988 3223 1143 3290 accipiamus,
1160 3240 1191 3275 eu
1207 3224 1301 3290 hyeme,

248 3312 293 3347 nur
319 3296 381 3347 notin
399 3296 523 3364 Pompeio,
545 3306 661 3363 tunquam
673 3318 676 3325 ’
687 3313 748 3347 novo
798 3312 853 3363 que
875 3297 967 3347 obitum
986 3298 1092 3363 Augusti
1110 3298 1217 3365 proxime
1233 3307 1301 3349 nute-

248 3372 347 3421 conruli.
382 3372 499 3423 consulet.
516 3373 602 3441 Capiet
613 3372 747 3422 comilinm.
797 3371 879 3428 ceruit,
896 3373 983 3422 Roma
1000 3372 1081 3429 ruine,
1099 3379 1125 3421 et
1140 3373 1251 3438 sequenti
1267 3388 1299 3423 re·

247 3446 322 3495 Putat
337 3447 490 3497 Burmannus
506 3456 555 3497 tarn
572 3446 687 3497 adulandi
702 3446 748 3496 irn-
799 3454 862 3495 utute
873 3444 898 3495 iu
906 3446 1062 3496 Germaniam
1072 3446 1168 3499 ubiiore·
1191 3448 1303 3497 Mortuus

247 3520 349 3589 peritum
366 3536 414 3571 nou
431 3521 503 3571 fuisse
520 3522 652 3579 Naronem,
669 3530 697 3571 ut
712 3520 749 3587 ig·
798 3521 863 3570 enim
877 3521 1002 3586 Augustus
1017 3528 1062 3577 ert,
1075 3521 1144 3573 Coro.
1160 3521 1216 3571 Sex.
1230 3522 1301 3571 Pour-

248 3595 389 3653 uornutiam
412 3605 455 3645 aut
472 3595 610 3646 uervitutem
634 3604 684 3645 tarn
705 3594 749 3644 im·
799 3594 863 3665 peio,
881 3595 914 3644 ud
931 3610 1003 3660 quem
1021 3595 1061 3644 hic
1080 3594 1164 3643 scribit
1181 3603 1261 3661 poeta,
1278 3605 1303 3645 et

249 3669 376 3735 prudenter
386 3669 501 3735 objiceret
512 3668 635 3735 Pompeio.
668 3672 750 3729 Quare
799 3670 855 3719 Sex.
877 3668 991 3735 Apuleio,
1012 3686 1058 3718 xxv
1072 3669 1178 3719 Kalend.
1193 3670 1302 3735 Septem·

248 3744 295 3809 legi
313 3742 425 3793 maluerit
442 3744 478 3793 vir
495 3742 589 3800 doctus,
611 3744 690 3807 Deque
706 3760 749 3805 pu·
799 3743 855 3801 brie,
872 3751 901 3792 ut
916 3742 1044 3791 Suetonius
1058 3741 1139 3791 trudit.
1172 3746 1227 3802 Quo
1241 3750 1303 3791 tern-

250 3827 312 3867 trom
333 3824 378 3866 tuto
398 3819 499 3867 omnum
520 3816 601 3881 fficio.
635 3817 750 3868 Consulet
800 3816 1027 3883 poreGermanicur
1035 3816 1102 3883 npud
1111 3817 1224 3867 Rhenum
1234 3832 1301 3867 euer-

249 3892 364 3947 cmm,
375 3892 441 3954 puato
454 3893 528 3939 uelint
542 3906 588 3939 erre
602 3888 703 3955 officim
714 3898 748 3940 to·
800 3890 859 3941 citui
869 3890 1010 3957 preponitur
1020 3891 1075 3940 snit.
1102 3892 1200 3941 Mrem..

248 3964 296 4015 tim
312 3972 423 4014 mus:
442 3972 572 4029 antequem
587 3962 651 4013 enirn
666 3978 704 4013 reu
718 3964 750 4013 ed
833 3966 874 4013 28.
889 3966 928 4013 Ar
946 3964 1004 4029 m]
1022 3964 1121 4016 Scilicet
1138 3980 1221 4015 versun
1236 3966 1302 4015 euci-

247 4048 356 4089 eeuutum
381 4047 575 4105 proponerentur,
600 4038 709 4088 solebam
735 4054 750 4088 a
799 4036 908 4105 piendou.

248 4114 387 4165 counrlibur
402 4112 433 4163 nd
451 4113 587 4179 Augustum
604 4112 694 4171 referri,
706 4112 748 4180 qui
832 4114 873 4162 ³4.
892 4113 945 4161 Vim
960 4122 1023 4161 ratur
1039 4111 1170 4175 tarteria]
1189 4113 1251 4163 Viae
1264 4129 1302 4163 re-

248 4190 280 4241 de
289 4188 338 4239 illie
346 4189 372 4238 in
382 4188 485 4239 concilio
497 4202 541 4245 ruo
551 4186 682 4237 domestico
693 4194 749 4237 ente
799 4202 868 4237 curu
878 4202 894 4236 a
904 4186 1022 4245 burburie,
1030 4202 1073 4253 per
1083 4186 1302 4252 quur'l'omoupro-

248 4264 373 4313 tranabat.
393 4261 523 4327 Ingeniosa
531 4276 588 4311 reue
596 4260 683 4311 lectior
695 4260 747 4310 rul-
798 4260 959 4311 fleiscebutur.

247 4346 305 4402 gata
315 4336 433 4387 vererere
446 4350 537 4393 omues,
548 4342 573 4384 et
587 4341 678 4385 neruo·
687 4349 748 4401 quo·
830 4336 871 4385 ³5.
888 4334 972 4384 Eure·
985 4334 1125 4393 Bistonium
1139 4330 1197 4395 tro]
1214 4332 1304 4383 Furem

248 4409 635 4477 queribihabetpropuguuutan
796 4409 927 4460 Thracum.

280 4488 322 4535 25.
337 4483 511 4548 Omnian]
533 4482 691 4535 Germanicus
706 4484 746 4549 ju·
828 4484 869 4533 40.
887 4478 1152 4542 Mammium-mum]
1173 4478 1198 4529 h.
1214 4494 1237 4529 e.
1253 4495 1303 4529 rer·

248 4560 308 4617 nior,
330 4559 394 4611 filiun
412 4558 496 4616 Druui,
514 4557 617 4625 priuigni
634 4557 761 4621 Augures
796 4572 861 4606 vum.
893 4556 1008 4605 Herm·

247 4636 319 4685 Mun.
352 4634 448 4697 Tempus
460 4635 489 4683 ut
500 4635 535 4682 hir
549 4648 648 4682 ramum
662 4632 746 4681 Gerar.
