3609 5967
483 778 626 846 Anrrs
649 777 919 845 antrorum
942 779 1033 869 nra.
1058 784 1108 849 11.
1272 787 1315 850 15
1391 759 1397 770 “

272 953 308 1026 N
311 977 354 1028 ec
371 955 559 1028 dominam
572 955 690 1052 jubeo
707 954 872 1053 pretioso
889 979 1044 1030 munere
1062 955 1203 1032 dones:

322 1069 453 1158 Parva,
472 1072 580 1146 sed-e
598 1071 721 1170 parvis
739 1070 897 1144 callidus
916 1081 1004 1170 apta
1020 1071 1122 1145 dato.

272 1186 373 1260 Dum
390 1189 487 1263 bene
504 1188 610 1263 dives
630 1211 731 1285 ager,
750 1189 841 1262 dum
858 1187 952 1261 rami
969 1188 1135 1286 pondere
1153 1199 1303 1279 nutant3

320 1302 477 1378 Adferat
493 1305 531 1378 in
549 1306 698 1380 calatho
715 1304 856 1378 rustica
872 1305 972 1386 dona
989 1329 1094 1403 puer.

271 1418 375 1494 Rure
393 1421 609 1494 suburbano
627 1420 767 1517 poteris
784 1419 853 1492 tibi
871 1419 997 1493 dicere
1014 1421 1146 1507 missa;
1238 1425 1311 1495 265

321 1535 392 1608 Illa
408 1536 467 1609 vel
484 1535 523 1607 in
542 1534 659 1608 Sacri
675 1535 751 1607 sint
767 1532 855 1608 licet
871 1544 974 1608 emta
990 1533 1074 1608 vit.

270 1649 429 1725 Adferat
445 1661 510 1724 aut
526 1674 631 1736 uvas,
650 1660 715 1723 aut
732 1674 827 1748 quas
844 1650 1048 1751 Amaryllis
1067 1654 1233 1742 amabat3

321 1766 374 1841 At
390 1792 489 1842 nnnc
506 1778 703 1843 castaneas
720 1792 796 1843 non
813 1777 915 1842 amat
932 1768 996 1842 illa
1011 1793 1142 1843 nuces.

271 1882 373 1967 Quin
390 1884 503 1958 ctiam
520 1886 707 1984 turdoque
724 1886 824 1972 licet,
843 1884 1038 1983 missaque
1055 1886 1244 1971 columbo,

323 1997 378 2073 Te
395 2024 598 2075 memorem
615 2001 775 2075 dominae
793 2000 994 2074 testificere
1011 2010 1099 2075 tuae.
1238 2006 1312 2074 270

272 2110 446 2214 Turpiter
460 2117 519 2190 his
538 2117 674 2191 emitur
690 2140 777 2216 spes
795 2116 939 2202 mortis,
959 2125 998 2189 et
1014 2117 1106 2190 orba
1122 2127 1312 2191 senectus*

322 2228 382 2303 Ah
399 2243 568 2330 pereant,
586 2256 655 2332 per
672 2257 768 2331 quos
786 2256 942 2306 munera
958 2232 1100 2307 crimen
1117 2233 1278 2306 babent!

273 2342 374 2429 Quid
384 2348 452 2421 tibi
460 2350 677 2448 precipiam
686 2360 997 2448 tenerosquoque
1008 2349 1312 2423 mitterevcrsusl

323 2460 397 2536 Hei
414 2465 525 2538 mihi!
553 2488 627 2539 non
645 2467 804 2539 multum
822 2488 973 2539 carmen
991 2465 1140 2539 honoris
1157 2465 1285 2538 habet.

275 2574 452 2652 Carmina
467 2580 684 2654 laudantur:
713 2581 781 2654 sed
795 2604 951 2656 munera
968 2603 1106 2676 magna
1122 2588 1312 2677 petuntur.

324 2691 538 2767 Dummodo
555 2695 605 2768 sit
620 2695 737 2782 dives,
756 2697 938 2769 barbarus
956 2696 1038 2794 ipse
1055 2695 1193 2793 placet.
1239 2700 1313 2769 276

274 2806 401 2882 Aurea
416 2832 516 2881 nunc
533 2832 620 2883 vere
638 2820 727 2882 sunt
742 2811 882 2882 secula.
910 2809 1093 2907 plurimus
1111 2833 1200 2884 auro

324 2922 440 2998 Venit
456 2925 592 2999 honos:
622 2948 713 2998 auro
730 2925 951 2998 conciliatur
967 2948 1082 2998 amor.

276 3036 364 3137 lpse
381 3040 470 3114 licet
487 3039 611 3114 Musis
628 3041 756 3114 venias
773 3039 985 3127 comitatus,
1006 3039 1190 3126 Homere;

325 3154 475 3229 Si-nibil
492 3156 684 3244 adtuleris,
704 3157 788 3244 ibis,
809 3155 987 3243 Homere‚
1007 3156 1118 3230 foras.
1240 3161 1314 3230 280

272 3410 372 3461 dominre
388 3412 525 3462 cubiculum
541 3421 627 3472 serrat,
637 3425 715 3481 posset
731 3415 768 3464 iu·
849 3415 905 3464 Illic
914 3418 1149 3482 compingamus
1161 3431 1253 3481 gravem
1266 3425 1315 3464 tur·

272 3485 356 3551 telligi.
389 3487 479 3536 Bou.
817 3489 872 3553 dis]
893 3489 1317 3555 Sedquisbicdeparrisetmsticis

304 3561 361 3609 268.
379 3562 410 3609 At
427 3575 489 3610 nunc
503 3569 619 3611 coucam
634 3579 697 3610 nunc
707 3572 769 3612 cnut
818 3563 955 3613 muneribus
967 3563 1025 3628 egit,
1038 3563 1141 3628 pretuli,
1154 3563 1217 3626 quod
1227 3564 1253 3613 in
1262 3579 1315 3630 scp-

271 3635 413 3699 mm]
430 3634 769 3699 mtetvantiumnotctiu
818 3637 971 3703 temscriptis
983 3640 1187 3698 mutatusque
1199 3638 1315 3687 calambc:

273 3710 360 3775 puellis
382 3709 419 3760 sui
438 3709 530 3759 saculi.
563 3710 673 3777 Respicit
689 3719 769 3761 autem
819 3710 1096 3777 booenimaptissimum
1107 3709 1317 3761 Venereistmori·

272 3784 315 3835 illc
322 3785 411 3851 Virgil.
420 3785 504 3851 Eclog.
514 3785 540 3834 ii.
551 3787 591 3835 52.
818 3785 864 3834 bus
873 3800 976 3844 munus3
991 3794 1018 3834 ut
1028 3784 1161 3834 nourimus
1169 3784 1200 3833 cd
1213 3785 1317 3835 Petronii

306 3859 471 3924 Coeumque
484 3876 560 3916 nucu,
570 3877 619 3909 mcc
634 3875 691 3923 quur
699 3860 769 3908 Amc-
819 3875 873 3925 cap.
883 3859 966 3908 lxxxv.
978 3859 1065 3924 quibus
1073 3859 1240 3909 tdde'l’beocr.
1251 3860 1317 3926 Idyl.

337 3935 405 3998 »ylla
413 3934 512 3981 mbct.
646 3934 737 3982 Herus.
819 3951 845 3983 r.
873 3931 937 3983 “Ocu
957 3933 980 3983 ol
1000 3935 1048 3984 τὸν
1067 3932 1169 3999 φάσσαν
1186 3931 1273 3985 ἔδωκα.
1294 3944 1319 3985 et

305 4008 362 4057 269.
379 4007 492 4072 Munera
506 4007 609 4070 monn]
628 4006 668 4056 Da
684 4022 771 4057 corona
819 4006 1059 4073 quaibiMeursius.
1092 4008 1180 4056 Banu.
1355 4030 1360 4036 ·

273 4081 652 4148 turdorumccpiporsclleinsius
661 4081 769 4146 conjece·
851 4081 909 4130 271.
934 4080 1027 4129 Enitar
1043 4079 1114 4144 epm]
1142 4080 1318 4140 Terentianum,

273 4165 318 4214 nt,
335 4165 362 4206 ut
379 4156 454 4205 Mart.
468 4155 520 4206 xiii.
537 4157 578 4207 61.
610 4155 659 4205 Ubi
675 4155 770 4212 lemma,
820 4172 850 4206 ex
868 4155 974 4221 Adelph.
992 4155 1018 4204 ii.
1036 4156 1078 4204 21.
1102 4172 1160 4219 ιρω
1177 4159 1252 4219 pretio
1272 4174 1318 4206 non

273 4235 498 4280 turdonmcorortc:
820 4248 877 4282 suto.
901 4231 1073 4294 Itaspcismtio
1082 4230 1260 4297 apudJciosl.
1268 4229 1320 4280 viii.

307 4305 377 4356 Tasta
396 4309 453 4355 mats
462 4305 565 4370 sorim
582 4307 632 4363 tibi,
648 4308 684 4355 ul
701 4308 772 4354 alato
820 4315 881 4356 icet.
891 4305 911 4355 i.
927 4304 955 4354 ff.
968 4304 1000 4355 de
1016 4312 1091 4354 contr.
1105 4304 1186 4369 Empt.
1198 4306 1252 4352 orto
1267 4320 1320 4353 m

276 4427 281 4432 .
368 4384 458 4440 nordo3
820 4389 923 4429 mactas
939 4378 1035 4446 respicit
1047 4386 1180 4445 ceptatores
1196 4376 1321 4428 beredita-

338 4456 369 4503 At
388 4456 445 4504 nur
461 4458 491 4505 de
508 4456 584 4504 tardis
595 4454 668 4520 sacta
688 4473 772 4507 mons
820 4453 1010 4519 tnmqniorbcc
1019 4452 1138 4517 precipue
1148 4450 1273 4501 colebant:
1289 4454 1320 4504 de
1405 4461 1408 4466 '

821 4530 908 4594 quibus
925 4528 1020 4594 egregie
1036 4526 1114 4575 multa
1123 4523 1247 4574 Petronius
1264 4543 1319 4595 etp.
