3609 5967
442 748 509 814 126
736 743 775 807 P.
799 740 961 808 ov1n11
984 738 1196 809 NASONIS

448 921 562 1008 Quid,
581 918 766 1005 Menelai,
784 915 916 991 dolest
942 916 1024 991 ibas
1044 914 1124 989 sine
1142 918 1303 1016 conjuge
1322 920 1483 999 Creten:

498 1037 549 1112 Et
565 1048 714 1136 poteras
732 1034 852 1132 nupti
869 1033 992 1109 lentus
1011 1034 1145 1107 abesse
1163 1036 1243 1109 tuh.

449 1157 505 1231 Ut
521 1154 628 1228 Paris
646 1154 741 1226 hanc
759 1150 902 1249 rapuit;
932 1174 1030 1224 nunc
1048 1149 1199 1224 demum
1223 1177 1339 1229 uxore
1358 1177 1485 1231 carere

498 1270 585 1344 Non
603 1278 723 1368 potes.
751 1268 902 1343 alterius
920 1268 1036 1343 crevit
1053 1292 1181 1343 amore
1197 1279 1297 1345 tuus.
1411 1277 1483 1346 776

448 1386 533 1462 Hoc
553 1386 646 1460 etin
664 1384 827 1458 abducta
844 1382 1016 1457 Briseide
1032 1383 1149 1459 flebat
1165 1383 1347 1473 Achilles,

499 1503 607 1577 Illam
626 1499 834 1575 Plisthenio
851 1499 988 1596 gaudia
1003 1498 1099 1575 serre
1116 1510 1208 1574 toro.

450 1620 532 1695 Nec
549 1618 686 1691 frustra
700 1614 837 1703 flebat3
865 1614 957 1689 mihi
974 1614 1127 1690 credite.
1155 1614 1244 1690 lecit
1259 1614 1431 1691 Atrides:

498 1734 609 1822 Quod
627 1733 658 1808 si
676 1755 751 1805 non
768 1729 919 1817 faceret,
937 1730 1095 1830 turpiter
1111 1742 1213 1805 esset
1229 1731 1341 1807 iners.
1412 1736 1484 1807 780

450 1853 562 1927 Certe
580 1874 651 1945 ego
668 1847 853 1934 fecissem,
872 1870 943 1921 nec
961 1871 1044 1921 sum
1063 1847 1265 1945 sapientior
1283 1847 1358 1921 illo.

501 1966 655 2041 Invidioe
673 1964 815 2039 fructus
832 1965 1020 2039 maximus
1038 1964 1101 2038 ille
1118 1963 1200 2037 fuit.

449 2082 549 2159 Nam
566 2080 637 2155 sibi
655 2081 758 2179 quod
775 2104 982 2180 numquam
999 2091 1138 2155 tactam
1158 2078 1331 2155 Briseida
1341 2081 1445 2177 jurat

497 2197 574 2272 Per
590 2206 803 2294 sceptrum3
831 2206 1023 2295 sceptrum
1041 2219 1116 2270 non
1131 2206 1240 2295 putat
1257 2219 1341 2271 esse
1358 2195 1473 2271 Deos.

449 2315 499 2390 Di
516 2314 665 2400 saciant,
684 2312 846 2386 dominae
863 2312 986 2410 possis
1004 2311 1160 2387 transire
1177 2312 1317 2387 relictae
1410 2316 1483 2387 785

497 2429 663 2518 Limina3
691 2428 896 2527 propositio
913 2427 1173 2525 sufficiantque
1190 2427 1320 2525 pedes.

448 2546 499 2622 Et
516 2545 675 2645 poteris:
702 2544 815 2620 modo
830 2545 928 2621 velle
944 2556 1044 2619 tene.
1072 2567 1171 2618 nunc
1189 2542 1332 2619 sortiter
1350 2543 1415 2631 ire,

498 2662 536 2737 N
538 2686 611 2735 unc
627 2684 723 2761 opus
740 2670 799 2735 est
815 2660 928 2736 celeri
945 2660 1106 2735 subdere
1123 2659 1246 2734 calcar
1263 2682 1375 2758 equo.

447 2777 519 2853 Illo
536 2777 788 2878 Lotophagos,
807 2777 871 2851 illo
887 2776 1039 2851 Sirenas
1057 2776 1096 2849 in
1113 2784 1219 2851 anuo

496 2894 593 2972 Esse
610 2905 721 2993 puta:
750 2893 862 2968 remis
879 2893 1001 2991 adjice
1017 2892 1103 2967 vela
1118 2891 1206 2967 tuis.
1409 2892 1483 2965 790

447 3011 559 3085 Hunc
570 3032 735 3109 quoque,
743 3033 819 3107 quo
829 3008 1019 3106 qnondam
1027 3008 1182 3081 nimium
1193 3005 1306 3081 rivale
1315 3004 1482 3092 dolebas,

496 3126 642 3200 Vellem
658 3125 849 3199 desineres
866 3124 984 3199 hostis
1002 3124 1140 3199 hahere
1158 3123 1253 3197 loco.

446 3242 629 3327 nicerte,
649 3241 818 3340 quamvis
837 3241 923 3315 odio
940 3250 1168 3327 remanente,
1187 3240 1320 3313 saluta.

496 3357 639 3431 Oscula
651 3380 738 3431 cum
754 3357 895 3457 poteris
909 3359 987 3456 jam
1005 3342 1115 3447 dare;
1144 3378 1257 3431 sanus
1272 3354 1357 3428 eris.

447 3471 548 3547 Ecce
565 3472 669 3546 cibos
687 3472 801 3546 etiam
818 3473 1030 3569 (medicinae
1047 3472 1180 3569 fungar
1197 3480 1240 3545 ut
1256 3470 1356 3545 omni
1408 3470 1480 3543 795

495 3588 671 3686 Munere)
689 3615 786 3689 quos
803 3591 937 3691 fugias,
956 3617 1097 3693 quosve
1115 3616 1286 3691 sequare,
1302 3593 1414 3667 dabo.

446 3837 561 3904 Propertii
578 3838 682 3889 carmine
697 3838 846 3891 inscribendo
864 3841 939 3893 CYN-
987 3841 1075 3893 Atreus
1083 3840 1260 3907 inseenmepit,
1268 3856 1357 3908 eoaque
1366 3840 1484 3891 dueent-

444 3916 522 3962 'l’lild
546 3918 773 3965 nouonmnon.
789 3914 831 3964 vid
846 3916 938 3966 Bronk·
987 3916 1068 3981 Atque
1079 3915 1134 3965 hinc
1145 3915 1253 3981 estquod
1262 3915 1336 3966 etiam
1345 3917 1483 3965 Atriano-

443 3985 496 4035 hus.
512 3985 543 4034 ed
552 3985 645 4036 initium
654 3989 741 4053 poitm.
987 3999 1079 4048 centur,
1089 4004 1233 4055 quemqnam
1242 3990 1359 4039 Homerus
1369 3989 1416 4039 lere
1431 3987 1483 4038 nbi-

475 4060 532 4110 778.
551 4060 758 4127 wlturna]
779 4063 938 4114 Plistheninrn
987 4080 1034 4129 qne
1053 4066 1148 4113 Atridae
1168 4071 1243 4121 vocet,
1264 4063 1331 4113 nulla
1356 4060 1484 4112 Plisthenis

442 4134 518 4185 virum
536 4134 739 4200 Agamemnonem
753 4146 831 4197 vocet,
847 4138 938 4189 ePlis-
987 4140 1051 4191 facta
1071 4138 1199 4189 mentione.
1223 4140 1321 4189 Mrcrr..
1348 4136 1438 4202 Regina
1456 4144 1482 4187 et

442 4208 513 4259 mene
522 4209 782 4276 pstreAgnmernnonie
790 4222 815 4261 et
823 4212 939 4262 Menelai.
987 4230 1048 4263 nnus
1066 4214 1206 4272 Vaticanus,
1223 4224 1280 4263 toro.
1296 4215 1366 4264 bene.
1383 4210 1480 4261 consule

442 4284 548 4335 Mnnnr..
571 4284 629 4335 Tres
647 4284 711 4335 enim
727 4285 822 4335 luemnt
840 4286 937 4353 Pelopis
987 4305 1040 4355 qnae
1062 4297 1171 4339 notamus
1189 4288 1265 4356 Epist.
1282 4287 1481 4339 xix.vern100.

442 4358 493 4418 lilii,
503 4358 599 4418 Atreus,
608 4360 732 4426 Thyestes,
746 4368 773 4409 et
787 4359 935 4410 Plisthenes:
986 4362 1077 4411 llnrne.

442 4448 540 4497 qnorum
552 4434 649 4485 ultimus
663 4434 712 4493 hic,
723 4449 778 4484 cnm
788 4434 884 4500 juvenis
893 4434 936 4485 ed-
1019 4437 1075 4487 794.
1094 4436 1197 4503 oscen]
1214 4434 1267 4487 isui
1277 4436 1349 4487 etiarn
1365 4434 1425 4487 viros
1441 4450 1481 4484 oe·

442 4504 489 4556 huc
504 4507 568 4557 diem
583 4507 689 4567 obiisset,
706 4506 794 4559 relictis
808 4506 937 4573 Agamem·
986 4511 1047 4562 culis
1056 4511 1200 4565 salutabant.
1233 4512 1331 4563 Dones.

442 4594 503 4629 none
519 4588 544 4631 et
557 4582 670 4632 Menelao
684 4580 747 4641 tiliis,
756 4582 840 4632 horum
853 4598 937 4633 curam
