3609 5967
629 755 850 823 REMEDIA
869 753 1066 821 AMORIS.
1303 756 1369 825 127

332 932 514 1017 Daunius,
533 954 582 1005 an
598 923 752 1028 Libycis
770 928 908 1003 bulbus
925 928 994 1002 tibi
1009 928 1146 1002 missus
1165 932 1213 1008 ab
1231 932 1318 1019 oris,

380 1050 439 1122 An
456 1047 581 1122 veniat
598 1044 777 1143 Megaris,
793 1044 928 1118 noxius
947 1044 1067 1117 omnis
1086 1044 1167 1118 erit.

332 1164 413 1239 Nec
431 1164 553 1237 minus
571 1186 702 1237 erucas
719 1172 849 1261 aptum
865 1160 982 1234 vitare
1000 1161 1165 1249 solaces3

382 1278 434 1355 Et
450 1278 636 1376 quidquid
652 1276 790 1351 Veneri
804 1300 961 1373 corpora
978 1286 1106 1349 nostra
1122 1287 1243 1375 parat.
1296 1283 1369 1353 800

335 1394 473 1469 Utilius
492 1418 618 1469 sumas
636 1402 814 1467 acuentes
831 1392 973 1465 lumina
989 1400 1112 1481 rutas3

384 1510 435 1584 Et
452 1510 638 1608 quidquid
655 1507 794 1581 Veneri
811 1530 970 1606 corpora
985 1518 1112 1581 nostra
1127 1520 1252 1605 negat.

333 1624 434 1710 Quid
451 1626 521 1701 tibi
539 1624 755 1725 precipiam
771 1624 820 1699 de
839 1623 981 1698 Bacchi
998 1648 1163 1712 munere,
1182 1626 1345 1724 quaeris?

385 1743 464 1842 Spe
481 1742 630 1817 brevius
648 1742 799 1815 monitis
816 1741 1018 1839 expediere
1035 1740 1141 1815 meis.

334 1860 433 1936 Vina
449 1870 583 1959 parant
600 1861 764 1934 animum
781 1857 931 1945 Veneri,
951 1857 1021 1931 nisi
1045 1858 1205 1957 plurima
1220 1883 1367 1951 sumas;

382 1975 433 2051 Et
449 1986 628 2075 stupeant
644 1976 763 2050 multo
779 1974 895 2050 corda
912 1973 1059 2077 sepulta
1075 1997 1189 2049 mero.
1297 1981 1369 2052 806

333 2091 505 2167 Nutritur
521 2102 644 2179 vento,
662 2101 775 2167 vento
792 2089 1035 2188 restinguitur
1051 2089 1161 2187 iguis.

384 2206 494 2283 Lenis
513 2208 581 2282 alit
595 2209 799 2295 flammam,
818 2204 993 2304 grandior
1011 2229 1102 2282 aura
1118 2217 1240 2297 necat.

333 2321 410 2398 Aut
426 2323 529 2401 nulla
543 2323 717 2407 ebrietas,
736 2332 803 2400 aut
814 2332 922 2397 tanta
937 2321 998 2408 sit,
1017 2332 1060 2397 ut
1076 2321 1144 2399 tibi
1161 2346 1270 2399 cures

384 2436 549 2538 Eripiat:
577 2439 608 2511 si
627 2462 704 2537 qua
720 2450 780 2513 est
796 2439 893 2513 iuter
911 2448 1120 2537 utramque,
1139 2450 1262 2519 nocet.
1297 2444 1370 2515 810

337 2549 420 2627 Hoc
438 2577 533 2654 opus
550 2554 673 2651 exegi.
700 2553 809 2629 fessae
826 2554 914 2629 date
932 2564 1032 2629 serta
1047 2555 1196 2631 cannae.

385 2670 622 2769 Contigimus
637 2682 799 2769 portum,
818 2696 895 2770 quo
913 2671 1003 2747 mihi
1020 2694 1152 2746 cursus
1168 2682 1260 2747 erat.

334 2782 542 2859 Postmodo
558 2786 722 2861 reddetis
740 2810 846 2863 sacro
862 2786 927 2887 pia
942 2796 1029 2866 vota
1046 2788 1179 2887 pottae,

386 2900 562 2977 Carmine
580 2904 701 2979 sanati
717 2903 855 2981 semina
870 2905 1001 3003 virque
1015 2928 1111 2983 meo.

365 3118 422 3168 797.
439 3118 548 3168 Daunim
563 3121 664 3186 ΝΜ]
688 3121 781 3171 Bulbus
796 3138 826 3171 ex
876 3138 930 3188 qun
940 3122 1083 3173 notavimus.

334 3189 511 3257 Apulin,qren
523 3194 771 3259 postdfrietnomsu
786 3195 825 3244 Ii·
908 3198 966 3246 011.
991 3196 1041 3247 Hoc
1056 3212 1111 3261 opus
1131 3196 1216 3263 trogo]
1244 3194 1303 3247 Eece
1318 3214 1373 3261 rpus

334 3266 407 3331 byeus
416 3266 608 3325 laudumnus,
618 3268 660 3318 ht.
669 3268 718 3318 xix.
736 3271 827 3321 Aura.
876 3271 965 3321 malim.
998 3271 1090 3321 Hune.

367 3341 424 3389 810.
442 3340 828 3408 &mammaeam-
911 3348 967 3396 81³.
995 3346 1111 3396 Postmodo
1130 3345 1251 3410 macro]
1285 3344 1372 3413 Seripti

333 3414 389 3478 ua]
408 3414 669 3482 immoene
679 3418 760 3485 scripti
767 3434 829 3485 qua·
878 3420 927 3470 fere
942 3436 1023 3471 omnes
1037 3436 1093 3471 eum
1108 3420 1206 3471 remn'u
1221 3418 1372 3479 eddonem,

333 3498 393 3555 tuor.
416 3490 507 3541 Hune.
527 3490 615 3541 Sedet
631 3492 692 3543 inter
707 3503 830 3558 annoque
877 3496 985 3544 reddetis.
1017 3496 1094 3554 Forte,
1117 3494 1157 3545 Vor
1177 3498 1240 3545 mado
1263 3496 1374 3546 reddatis.

333 3561 489 3631 deteadijm
497 3565 779 3633 mmeramme.
787 3569 830 3618 60.
878 3568 968 3619 Herus.
