3609 5967
480 779 551 846 sm
771 776 812 843 Ρ.
835 772 998 841 ovlml
1020 772 1236 840 NASONIS

483 950 607 1036 Quem
620 973 734 1038 nunc,
742 949 983 1048 subpositum
997 947 1116 1022 stellis
1132 948 1393 1046 Cynosuridos
1410 950 1540 1038 Ursa,

531 1066 556 1139 J
560 1077 675 1140 uncta
690 1076 796 1141 tenet
812 1063 940 1139 crudis
960 1062 1143 1137 Sarmatis
1161 1087 1227 1138 ora
1244 1064 1367 1139 Getis.

484 1181 636 1280 Quique
651 1183 755 1280 prius
773 1181 926 1255 mollem
944 1203 1179 1277 vacuamque
1197 1179 1389 1254 laboribus
1407 1182 1467 1277 egi

534 1298 580 1370 In
597 1299 733 1373 studiis
749 1297 878 1384 vitam,
898 1295 1170 1394 Pieridumque
1187 1296 1323 1385 choro;
1485 1302 1530 1370 10

483 1413 597 1489 Nunc
614 1415 745 1514 procul
762 1440 787 1489 a
802 1414 936 1513 patria,
957 1412 1103 1487 Geticis
1121 1413 1377 1487 circumsonor
1394 1413 1519 1501 armis,

534 1529 660 1605 Multa
677 1531 780 1630 prius
797 1531 946 1630 pelage,
966 1530 1162 1627 multaque
1180 1553 1315 1628 passus
1333 1531 1468 1604 humo:

486 1646 575 1720 Sive
593 1647 685 1720 mihi
702 1671 826 1734 casus,
845 1647 924 1722 sive
941 1647 1014 1720 hoc
1032 1646 1138 1721 dedit
1155 1647 1210 1720 ira
1225 1645 1414 1737 Deorum;

536 1761 678 1836 Nubila
695 1764 864 1837 nascenti
882 1788 950 1838 seu
969 1763 1060 1836 mihi
1079 1762 1201 1837 Parca
1217 1762 1311 1865 suit:

485 1877 544 1952 Tu
562 1888 701 1965 tamen,
721 1902 743 1952 e
760 1878 878 1952 sacris
895 1878 1045 1953 hederae
1063 1878 1270 1953 cultoribus
1289 1903 1404 1952 unum
1485 1883 1529 1952 15

536 1993 704 2069 Numine
720 1995 906 2069 debueras
925 1994 1149 2068 sustinuisse
1167 2005 1244 2067 tue.

485 2110 559 2198 An,
578 2110 738 2184 dominae
757 2109 835 2197 fati,
855 2110 1042 2208 quidquid
1061 2111 1232 2185 cecinere
1250 2135 1408 2197 sorores

538 2226 662 2300 Omne
679 2227 751 2300 sub
769 2227 923 2300 arbitrio
940 2227 1080 2301 desiuit
1097 2251 1182 2302 esse
1201 2227 1300 2302 Dei?

486 2340 577 2441 Ipse
594 2364 747 2439 quoque
764 2342 948 2417 aethereas
966 2344 1109 2418 meritis
1127 2344 1297 2418 invectus
1315 2369 1356 2418 es
1375 2323 1502 2432 aices3

539 2456 625 2543 Qua
641 2481 716 2532 non
733 2458 872 2556 exiguo
888 2459 989 2535 facta
1006 2461 1134 2534 labore
1150 2461 1211 2535 via
1227 2471 1298 2535 est.
1482 2466 1530 2534 20

489 2573 705 2672 Necpatria
717 2585 778 2648 est
789 2575 961 2651 habitata
978 2577 1071 2651 tibi:
1093 2577 1160 2652 sed
1171 2578 1219 2652 ad
1230 2602 1352 2676 usque
1362 2578 1531 2651 nivosum

541 2689 745 2788 Strymona
761 2692 910 2778 venisti,
931 2693 1247 2794 Marticolamque
1266 2694 1413 2783 Geten3

487 2804 736 2904 Persidaque,
755 2817 795 2882 et
811 2808 888 2883 lato
907 2811 1135 2909 spatiantem
1151 2811 1307 2886 flumine
1326 2811 1499 2907 Gangen,

538 2919 590 2994 Et
608 2945 867 3021 quascumque
884 2926 981 3000 bibit
997 2927 1161 3000 discolor
1178 2926 1297 3000 ludus
1316 2949 1448 3025 aquae.

489 3038 646 3113 Scilicet
662 3039 759 3114 hanc
777 3043 901 3138 legem
919 3054 1053 3118 nentes
1071 3043 1199 3118 satalia
1215 3041 1346 3116 Parcae
1484 3047 1530 3113 25

540 3154 713 3232 Stamina
729 3157 788 3231 bis
805 3160 934 3254 genito
952 3160 1010 3234 bis
1027 3160 1200 3236 cecinere
1218 3159 1301 3234 tibi.

522 3425 546 3472 7.
562 3424 641 3474 Suilli
654 3427 834 3490 Erymanthidos
841 3431 922 3494 um]
942 3431 987 3481 Ur·
1070 3433 1112 3482 23.
1129 3432 1277 3496 Persidaque,
1289 3441 1312 3480 et
1324 3433 1370 3480 into
1377 3429 1532 3494 munerea]

488 3513 521 3546 sn
538 3496 672 3556 Arcedicra
693 3503 724 3550 eb
742 3503 888 3567 Erymantho
909 3515 988 3555 moute
1038 3505 1117 3556 Penii
1133 3514 1183 3555 totu
1196 3503 1318 3555 altissimis
1332 3504 1434 3554 vellatur
1450 3503 1532 3552 monti-

488 3570 599 3621 smus
609 3571 745 3638 adpellare.
769 3577 988 3644 Gynmrtdapre-
1037 3581 1091 3635 bus.
1102 3579 1196 3629 initium
1210 3579 1307 3646 capiens
1319 3594 1335 3628 ι
1347 3578 1421 3644 portia
1434 3577 1535 3643 Caspiis.

489 3644 594 3711 eipuiex
605 3644 727 3711 antiqui„
742 3655 767 3697 et
778 3659 850 3700 recte.
882 3652 972 3700 Herse.
1038 3669 1087 3718 qua
1102 3653 1147 3702 iter
1161 3654 1187 3703 in
1203 3663 1318 3711 austrum,
1330 3662 1401 3718 atquc
1415 3667 1489 3718 usque
1503 3650 1533 3700 ed

523 3720 563 3768 lu.
580 3719 724 3769 Mutare
735 3721 800 3786 Det]
819 3723 989 3778 Dertmrectiur
1039 3743 1102 3778 mere
1112 3728 1273 3793 protenditur:
1291 3727 1355 3792 quod
1370 3729 1401 3776 ab
1415 3742 1447 3776 en
1457 3727 1534 3776 Persi·

488 3807 532 3857 pro
541 3792 626 3856 gentili
636 3793 756 3860 theologie
765 3795 826 3846 liber
836 3799 945 3848 laeidenr.
1038 3817 1092 3852 cum
1101 3801 1300 3868 estedpelletum.
1314 3803 1421 3867 Gangen.
1431 3801 1535 3866 Gangen·

524 3866 563 3914 19.
585 3866 706 3916 AEtirreur
731 3871 941 3922 attitulaverat
966 3889 988 3922 er
1038 3875 1113 3942 ludia
1132 3876 1227 3933 fluvius,
1247 3887 1284 3925 est
1301 3877 1417 3926 maximus
1430 3875 1534 3925 omnium

487 3939 573 4022 arcer]
593 3939 656 3988 lllud
667 3943 766 3991 verbum
779 3945 854 3993 inuehi
870 3947 989 4012 proprium
1038 3949 1170 4008 fluminum,
1181 3965 1234 4016 que
1245 3949 1352 4000 iratribus
1361 3948 1536 4000 contineutibus

487 4012 693 4078 triumphantium,
719 4025 747 4064 ut
770 4017 835 4080 apud
859 4019 988 4078 Romanoa
1038 4033 1206 4072 memorantur.
1220 4023 1283 4074 Vide
1301 4023 1365 4074 Plin.
1379 4025 1422 4074 lib.
1437 4023 1469 4075 vt.
1482 4039 1536 4089 erp.

489 4088 566 4135 inuehi
579 4087 718 4149 Capitolium
728 4091 877 4142 dicebantur.
1041 4097 1080 4144 lu

522 4163 563 4210 21.
580 4161 629 4211 Nec
637 4166 736 4229 prim]
753 4165 853 4216 l'lrebn.
1072 4170 1112 4218 26.
1129 4169 1170 4218 su
1183 4173 1261 4235 genito
1276 4173 1317 4229 bis,
1332 4171 1390 4235 Sic]
1409 4170 1452 4220 Bis
1468 4170 1535 4235 geni·

521 4237 563 4285 22.
574 4236 715 4302 sirym]
732 4240 842 4304 Strymon
850 4240 988 4300 duriorem,
1038 4251 1089 4292 turn
1105 4243 1212 4308 adpellet
1222 4245 1354 4303 Bacchum,
1367 4245 1479 4311 quoniam
1488 4246 1536 4310 pri·

489 4308 567 4376 quiin
578 4311 679 4360 confinio
687 4312 794 4364 'lbrecie
805 4323 831 4363 et
838 4315 988 4366 Macedonis
1038 4332 1104 4366 mum
1123 4335 1154 4368 ex
1175 4319 1276 4377 Semele,
1292 4320 1379 4370 deinde
1398 4337 1428 4368 ex
1449 4321 1539 4370 femore

490 4400 520 4433 ex
543 4385 615 4433 AEmo
638 4383 759 4436 decurrit:
785 4388 818 4438 ibi
839 4405 882 4454 per
905 4399 989 4440 reatum
1038 4390 1326 4448 Jovis,inlucemvenit:
1345 4392 1539 4444 hincbinuteret

490 4457 594 4507 muime
610 4474 680 4523 grues
695 4469 829 4522 merentum
845 4462 909 4512 unde
919 4465 989 4514 Mero
1039 4461 1191 4530 διθύραμβος
1202 4467 1270 4533 παρὰ
1281 4469 1324 4516 τοῦ
1333 4465 1372 4526 δὶς
1386 4465 1538 4534 θύραῑεβσί-

489 4545 533 4581 ω
551 4531 693 4595 &wanninc
711 4535 850 4602 adpellavit.
876 4536 988 4586 Martico-
1039 4538 1189 4590 venedictus.
1574 4529 1578 4538 ¹

490 4604 672 4668 innisum.
696 4609 758 4659 Belli
769 4610 989 4677 cupidosTbrncer.
