3609 5967
421 784 491 853 EX
515 786 676 855 PONTO
701 782 792 857 LIB.
816 782 1174 851 1V.EP1sr.xv1.
1256 784 1317 849 581

572 1044 896 1123 EPISTOLA
924 1037 1031 1119 XVI.

501 1314 508 1323 .
614 1256 635 1298 *
658 1254 725 1321 An
749 1254 981 1323 INVIDUM.

278 1421 448 1513 luvruu,
468 1426 562 1524 quid
578 1426 721 1501 laceras
740 1424 905 1499 Nasonis
923 1420 1090 1498 carmina
1107 1421 1230 1520 rapti?

328 1538 416 1614 Nou
433 1542 530 1617 solet
547 1541 707 1638 ingeniis
726 1564 873 1615 summa
890 1563 1026 1614 nocere
1043 1538 1136 1612 dies.
1206 1560 1213 1575 ¹

277 1654 471 1756 Famaque
486 1669 574 1757 post
590 1657 735 1732 cineres
753 1659 872 1755 major
881 1656 1001 1731 veuit:
1022 1665 1061 1731 et
1077 1654 1169 1729 mihi
1184 1678 1322 1729 nomen

325 1772 433 1849 Tunc
452 1799 618 1874 quoque,
638 1798 756 1874 quum
773 1774 866 1848 vivis
883 1774 1161 1859 adnumerarer,
1181 1781 1282 1859 crat3

275 1886 403 1974 Quum
420 1889 516 1965 foret
533 1902 573 1965 et
588 1889 751 1978 Marsua,
767 1889 973 1988 magnique
987 1887 1165 1962 Rabirius
1183 1886 1271 1974 oris,
1299 1890 1322 1961 5

326 2004 544 2105 Iliacusque
562 2006 705 2093 Macer,
725 2007 972 2105 sidereusque
986 2004 1114 2094 Pcd03

278 2120 340 2211 Et,
359 2124 425 2223 qui
443 2122 467 2197 J
470 2149 632 2200 unonem
649 2124 811 2199 laesisset
828 2125 867 2198 iu
886 2121 1065 2210 Hercule,
1085 2122 1222 2207 Curua,

326 2238 350 2313 J
353 2240 486 2315 ononis
504 2240 536 2315 oi
554 2265 629 2314 non
641 2243 722 2338 jam
740 2264 857 2337 gener
874 2238 939 2314 ille
956 2239 1072 2327 foret;

277 2354 431 2455 Quique
448 2357 556 2433 dedit
574 2357 682 2432 Latio
699 2381 850 2432 carmen
868 2358 995 2452 regale
1014 2354 1195 2450 Severum

327 2471 484 2548 Etcum
503 2474 631 2548 subtili
650 2474 805 2549 Priscus
823 2484 984 2571 uterque
1004 2470 1151 2559 Numa3

310 2722 324 2751 ⁸
341 2720 383 2769 Au
409 2720 544 2785 ruvinum]
579 2721 680 2771 Videtur
705 2732 776 2789 poeta

276 2810 323 2845 uon
332 2802 426 2844 tautum
435 2795 576 2862 respondero
584 2796 684 2847 voluisse
694 2796 776 2848 invido

276 2877 348 2933 utque
371 2868 530 2927 obtrectatori,
550 2869 658 2936 quisquis
682 2870 775 2930 isfuit,

275 2958 333 3002 auo;
357 2942 401 2993 scd
419 2952 443 2993 ot
463 2942 612 2993 occasionem
631 2946 775 3009 quaeairirae,

276 3025 303 3065 ιιι
329 3016 366 3066 aui
393 3017 504 3083 temporis
528 3028 612 3084 poetar
637 3019 775 3069 celebrarat.

275 3092 420 3156 Quanquam
429 3092 512 3141 horum
522 3108 645 3158 maguam
652 3102 718 3159 parte
729 3110 777 3144 uon

275 3164 363 3231 rcripta
373 3166 458 3223 solum,
468 3166 512 3215 red
522 3174 547 3215 et
557 3165 652 3217 uomina
663 3168 777 3234 pleraque

275 3238 457 3287 interciderunt:
476 3239 537 3289 adeo
551 3248 578 3290 ut
594 3240 639 3290 uiui
654 3239 684 3290 do
695 3244 777 3307 paucio

275 3311 426 3377 quibusdam,
442 3313 501 3363 certi
516 3313 606 3379 aliquid
624 3313 685 3363 tradi
701 3314 776 3364 baud-

275 3401 398 3451 quaquam
407 3388 489 3453 punit.
522 3387 594 3447 Quod
603 3387 629 3437 iu
641 3388 776 3438 uuiversum

270 3460 316 3509 -bic
337 3460 485 3511 admonitum
503 3462 565 3521 volo,
583 3479 612 3512 ue
632 3462 696 3513 idem
715 3460 778 3513 iufra

275 3534 380 3605 ombrios
397 3551 431 3599 ac·
440 3535 527 3602 sapius
542 3545 648 3602 repetere
663 3538 732 3587 nobis
746 3538 779 3588 rit

276 3622 382 3659 necasse.
448 3628 460 3641 ⁸

311 3688 335 3735 ὗ.
354 3685 431 3739 Quum
438 3684 506 3751 foret
521 3696 543 3735 et
562 3683 676 3750 Murano]
695 3686 778 3737 Domi·

278 3758 326 3809 tius
335 3760 438 3817 Marsua,
450 3768 520 3825 poeta
529 3760 616 3817 ulatur,
627 3759 718 3809 exstitit
728 3761 779 3809 Ho-

279 3833 333 3883 ratii
355 3848 415 3882 avo.
450 3834 577 3900 Magnique
596 3835 708 3884 Rabirim
726 3838 779 3885 oria.

278 3908 308 3957 C.
319 3906 431 3957 Rabirius
448 3907 533 3957 uobilis
549 3916 619 3974 poeta
637 3907 691 3965 tuit,
706 3924 778 3975 quem

277 3982 365 4033 Fabius
385 3983 411 4032 iu
431 3998 511 4033 eorum
528 3991 659 4048 poetarum
682 4000 779 4034 numero

278 4058 354 4125 pouit,
365 4058 406 4124 qui
416 4057 485 4125 Epici
500 4057 666 4124 adpellautur:
684 4066 709 4107 ct
722 4060 779 4124 quia

277 4132 303 4183 iu
313 4134 365 4199 ejus
373 4134 478 4183 carmine
492 4133 594 4183 multum
611 4132 693 4191 animi,
704 4149 732 4183 ac
742 4133 778 4183 vi-

278 4206 338 4255 rium
356 4206 441 4263 inerat,
457 4206 512 4256 ideo
531 4206 570 4255 hic
590 4206 692 4257 Ovidius
710 4206 778 4257 illum

277 4285 357 4346 magui
364 4284 409 4330 oria
418 4280 491 4331 suine
501 4281 590 4331 scribit.

311 4357 337 4405 6.
349 4356 478 4420 Itiumrqaa
489 4356 590 4419 Macen]
604 4354 779 4405 AEmiliuaMa·

278 4446 318 4479 cer
340 4430 481 4479 Varououaia
507 4436 579 4495 pocta
599 4428 659 4478 ruit:
686 4427 780 4496 scripsit

276 4502 368 4553 ballum
384 4504 520 4570 Trojauum.
532 4512 558 4552 ut
574 4502 613 4552 bic
630 4502 724 4554 videtur
743 4502 779 4551 iu-

278 4594 351 4627 uuera
361 4586 441 4645 poeta.
450 4576 593 4643 adpellaudo
603 4576 671 4626 illum
680 4576 780 4626 Iliacam

278 4655 309 4703 ab
320 4652 358 4703 liii
369 4652 476 4710 materia,
489 4668 562 4717 quam
579 4652 708 4702 tractabat.
743 4652 779 4699 Si·

1278 2434 1345 2542 10²

824 2726 946 2787 darmrqua
956 2722 1026 2771 Pado.
1057 2720 1091 2769 Et
1100 2718 1195 2770 divium
1205 2734 1233 2767 ac
1240 2716 1325 2769 doctus

824 2796 865 2846 ille
881 2805 954 2863 poeta
963 2795 1038 2852 Pedo,
1048 2792 1091 2860 qui
1100 2792 1195 2858 acripait
1207 2791 1324 2858 epigram·

825 2879 898 2920 mata.
924 2870 997 2919 Mur.
1024 2868 1073 2918 Vel
1087 2866 1214 2917 verisimile
1231 2873 1277 2922 eat,
1293 2864 1324 2915 de

826 2944 895 2993 ratris
911 2958 1007 3009 quoquc
1021 2939 1150 3007 scripsisse,
1161 2948 1185 2989 at
1197 2939 1252 2989 idoo
1266 2943 1324 2990 udr-

825 3036 891 3069 rrum
901 3018 1024 3068 nominari.
1056 3016 1158 3081 Gyraid·
1169 3014 1204 3063 ric
1218 3014 1349 3081 adpella-⁸

826 3101 878 3143 tum
888 3093 974 3150 crodit,
981 3092 1038 3159 quia
1044 3090 1153 3141 sublimia
1162 3099 1188 3139 οι
1197 3089 1326 3155 altiloquo·

826 3166 904 3223 suerit.
916 3166 981 3232 quud
990 3166 1050 3215 mihi
1058 3180 1107 3215 uou
1115 3163 1205 3231 placet.
1230 3163 1309 3214 Pour.

858 3242 882 3291 7.
899 3243 931 3291 Et
952 3246 992 3305 qui
1011 3241 1125 3292 Juuoaem
1149 3241 1245 3297 kaurn,
1263 3240 1322 3304 &ul

826 3315 901 3365 Curua
918 3322 990 3381 poeta
1006 3314 1052 3364 tuit
1069 3307 1227 3371 doctissimus,
1243 3313 1324 3363 Caesa·

825 3406 878 3440 rum
898 3399 1038 3457 preceptor,
1059 3387 1141 3438 Ovidii
1160 3379 1264 3437 amicua:
1285 3387 1324 3437 bic

825 3465 937 3517 Herculia
947 3473 1016 3531 gesta
1024 3462 1128 3514 carmina
1138 3463 1275 3529 complexus
1281 3472 1325 3511 aar.

828 3540 876 3597 Qut'
887 3542 975 3589 latim
985 3538 1099 3588 Juuouam
1108 3540 1134 3585 iu
1142 3537 1253 3585 Hercuu.
1275 3536 1325 3594 Qui

826 3610 1325 3667 describendoflerculislaudasunouem

827 3702 953 3737 nuvercam
963 3686 1109 3737 offendimur.

861 3764 884 3811 8.
901 3762 1002 3812 Juronir
1010 3764 1030 3811 ti
1037 3766 1091 3825 jum
1100 3776 1156 3816 nou,
1164 3758 1222 3822 δια]
1239 3758 1265 3807 Si
1278 3776 1326 3809 uun

828 3836 925 3886 taudem
938 3837 1004 3886 Juuo
1019 3834 1097 3901 posita
1109 3832 1145 3881 ira
1154 3832 1241 3882 Heben
1252 3832 1325 3882 filiam

828 3924 925 3959 uxorum
943 3908 1041 3958 Herculi
1055 3907 1202 3964 dedisacuat
1216 3906 1251 3957 uic
1261 3909 1326 3958 Juuo

828 3997 909 4033 uterus
918 3981 1030 4033 Herculia
1040 3982 1112 4039 facta,
1122 3980 1214 4030 nullam
1228 3979 1328 4031 baberet

828 4072 926 4107 cumam
934 4054 1192 4121 indignatiouiactodii
1202 4054 1226 4103 iu
1237 4056 1327 4106 Carum

828 4140 931 4198 poetam,
949 4130 1014 4196 quod
1033 4128 1145 4180 Herculia
1160 4128 1243 4195 generi
1260 4137 1328 4193 gutta

828 4205 987 4256 decantant.

861 4284 885 4331 9.
898 4282 988 4344 Quique
996 4281 1060 4328 dedit
1069 4276 1159 4343 hum]
1178 4278 1275 4327 emim
1283 4279 1327 4327 Se-

829 4370 897 4405 verus
911 4361 982 4421 pocta
1000 4352 1045 4403 tuit
1062 4351 1145 4402 Ovidii
1159 4352 1262 4401 amicus:
1286 4351 1326 4401 bic

830 4429 924 4495 scripsit
955 4428 1141 4494 Epigrammata,
1167 4426 1271 4491 megin,
1302 4436 1328 4476 et

828 4502 978 4568 Tragoediaa,
999 4500 1025 4549 iu
1049 4500 1136 4567 quibua
1159 4500 1272 4565 quoniam
1295 4502 1327 4551 dc

829 4576 924 4643 regibus
933 4583 1057 4634 tractatur,
1066 4575 1122 4625 ideo
1135 4584 1205 4642 poeta
1216 4573 1276 4625 dicit
1283 4576 1326 4627 de·

829 4651 891 4701 dirae
901 4650 969 4701 illum
979 4666 1075 4702 carmen
1084 4651 1164 4717 regale
1171 4651 1248 4699 Latio.
