3609 5967
532 760 766 862 rarsrruu
788 789 880 858 uro.
907 788 935 857 1.
959 738 1098 861 aare.
1122 796 1165 864 r.
1310 803 1376 868 roa

324 964 453 1040 Causa
468 988 554 1040 mea
570 977 629 1040 est
645 966 789 1053 melior,
809 967 876 1064 qui
893 990 970 1041 non
987 971 1175 1046 contraria
1191 972 1264 1047 fovi
1295 954 1302 963 ¹
1369 1040 1373 1046 .

373 1080 513 1171 Arma3
542 1083 610 1156 sed
628 1083 725 1156 hanc
742 1082 863 1156 merui
881 1081 1125 1181 simplicitate
1142 1086 1285 1185 fugam.

322 1194 500 1295 invigiles
518 1199 632 1296 igitur
649 1199 787 1272 nostris
805 1223 873 1297 pro
891 1200 1042 1274 casibus
1060 1225 1138 1289 oro,

372 1313 541 1389 Diminui
559 1314 592 1388 si
611 1340 689 1412 qua
706 1316 871 1389 numinis
889 1318 945 1391 ira
961 1327 1101 1415 potest.

322 1425 428 1505 Scire
445 1454 551 1505 meos
569 1431 602 1504 si
619 1433 706 1529 quis
724 1455 837 1506 casus
854 1433 1046 1508 desideret
1063 1458 1207 1521 omnes,
1321 1440 1370 1512 45

370 1545 477 1633 Plus,
497 1568 614 1645 quam
632 1546 833 1643 quod'fieri
851 1572 912 1622 res
930 1549 1030 1635 sinit,
1050 1549 1113 1624 illc
1131 1560 1250 1648 petat.
1354 1578 1361 1589 ’

318 1657 393 1734 Tot
413 1660 515 1738 mala
541 1686 625 1735 sum
648 1685 798 1761 passuS,
826 1673 922 1760 quot
942 1663 980 1736 in
1003 1664 1144 1739 aethere
1166 1665 1291 1740 sidera
1311 1667 1369 1740 lu·
1431 1751 1437 1758 ,

470 1788 572 1865 cent,

369 1892 568 1992 Parvaque
585 1906 679 1994 quot
693 1895 819 1969 siccus
836 1918 995 1993 corpora
1012 1896 1134 1994 pulvis
1153 1897 1281 1972 habet.
1395 1886 1399 1892 ’

318 2006 519 2109 Multaque
538 2011 707 2086 credibili
726 2012 882 2085 tulimus
901 2014 1056 2111 majora,
1071 2024 1281 2111 ratamque,

367 2124 548 2210 Quamvis
565 2128 786 2215 acciderint,
805 2153 881 2202 non
899 2129 1076 2203 habitura
1091 2128 1220 2204 tidem.
1318 2136 1368 2223 50

317 2238 411 2315 Pars
428 2243 542 2319 ctiam
559 2268 710 2320 mecum
728 2247 906 2344 quaedam
924 2246 1103 2320 moriatur
1120 2257 1280 2345 oportet,
1351 2258 1360 2271 ‘¹

366 2357 511 2459 Meque
527 2362 640 2436 velim
655 2353 776 2461 possit
792 2362 1055 2436 dissimulante
1073 2361 1164 2458 tegi.

318 2470 359 2544 si
377 2498 452 2547 vox
468 2474 664 2573 infragilis,
684 2486 819 2575 pectus
837 2476 929 2549 mihi
947 2476 1090 2550 firmius
1109 2500 1195 2562 aere,

367 2587 560 2688 Pluraque
577 2613 666 2664 cum
683 2591 823 2688 linguis
840 2591 1011 2690 pluribus
1029 2614 1096 2665 ora
1112 2590 1254 2679 soreut3

315 2701 406 2777 Non
423 2715 551 2778 tamen
567 2705 708 2780 ideirco
725 2706 998 2804 complecterer
1016 2706 1143 2780 omnia
1158 2706 1295 2793 verbis,
1318 2711 1367 2782 55

366 2816 531 2894 Materia
547 2820 645 2895 vires
663 2830 919 2919 exsuperante
936 2844 1055 2895 meas.

314 2932 392 3007 Pro
409 2935 509 3009 duce
528 2935 687 3023 Neritio,
706 2937 821 3023 docti,
840 2936 941 3010 mala
958 2947 1097 3023 nostra,
1113 2947 1250 3036 poetae,

366 3049 553 3125 Scribitc:
584 3051 731 3125 Neritio
749 3075 837 3126 nam
856 3052 957 3126 mala
971 3052 1081 3150 plura
1096 3053 1198 3126 tuli.'
1236 3104 1240 3111 -
1342 3108 1347 3118 .

313 3162 383 3239 llle
401 3165 504 3239 brevi
523 3167 647 3265 spatio
665 3167 793 3240 multis
812 3167 949 3242 erravit
966 3166 1004 3240 in
1023 3167 1130 3240 annis

362 3278 466 3356 Inter
484 3281 681 3357 Dulichias
702 3282 917 3382 Iliacasque
934 3284 1090 3373 domos;
1315 3290 1365 3361 60

344 3513 385 3562 41.
402 3513 478 3563 Crura
492 3532 542 3564 m
558 3515 703 3579 murtae]
722 3514 811 3581 Cooju·
861 3513 966 3581 respexit
979 3511 1095 3577 Iliad-d.
1109 3513 1184 3574 θύνη
1198 3511 1218 3562 δ’
1232 3513 1363 3581 ἅρῤηεως,

311 3586 427 3636 rationem
434 3597 459 3637 et
465 3587 662 3655 conspirationem
669 3598 752 3638 coum
760 3588 811 3638 Au·
860 3589 974 3653 χαλκοῦν
988 3585 1014 3637 dl
1029 3605 1070 3653 μοι
1080 3585 1140 3654 ἦτορ
1151 3587 1226 3649 ἐνείη,
1239 3589 1304 3654 quod
1311 3590 1364 3655 jam

310 3660 542 3727 gustumintelligit:
559 3662 590 3712 de
600 3677 649 3727 que
658 3662 700 3712 lib.
708 3661 734 3711 ii.
744 3661 811 3712 etiii.
860 3662 902 3712 alii
918 3662 1036 3711 viderunt.
1057 3662 1148 3711 Hunc.
1180 3662 1280 3711 Homeri
1296 3663 1364 3714 iocur

310 3735 414 3801 ΕΙεμ
446 3738 518 3786 Mra.
645 3771 647 3775 ,
859 3735 952 3785 stabilit
961 3735 1083 3801 vulgatam
1093 3734 1317 3792 lectioneer'uor
1325 3740 1363 3786 ia·

342 3812 383 3859 51.
396 3810 456 3859 Pm
465 3813 534 3859 ιῑίαιοι
543 3811 665 3874 quadrus]
683 3811 810 3875 ingenium
852 3810 1049 3877 fragiliumque
1058 3810 1215 3873 millfimiur
1223 3826 1275 3859 ere.
1308 3810 1363 3861 Nou

310 3882 431 3949 intelligit,
445 3885 510 3950 quod
525 3900 574 3951 pm
590 3884 662 3934 nimio
675 3885 756 3934 dolore
765 3901 808 3935 ne·
851 3882 1032 3949 ftagiluhabet
1040 3880 1148 3930 Francos.
1158 3891 1183 3930 et
1190 3881 1297 3948 quinque
1304 3883 1346 3933 alii
1354 3903 1362 3946 3

309 3955 362 4022 quit
377 3956 477 4021 dignum
494 3955 586 4022 aliquid
602 3972 754 4023 componere3
770 3959 810 4008 vel
858 3957 901 4006 sed
914 3956 958 4022 ίῳ·
1000 3958 1025 3969 “”
1047 3964 1129 4006 recte:
1147 3954 1183 4005 ita
1198 3956 1301 4015 Plinius,
1318 3957 1362 4007 lib.

309 4040 374 4080 uerte
390 4032 480 4080 sonam
498 4030 618 4096 designat,
632 4046 706 4096 quam
720 4031 809 4098 peritu-
860 4047 900 4079 xx.
916 4030 939 4077 l.
1054 4039 1099 4078 tem
1115 4029 1248 4094 infragilem
1262 4034 1324 4079 oraui
1338 4034 1362 4078 ol

309 4120 359 4153 ram
375 4104 436 4154 dicit
454 4104 500 4155 hac
517 4104 596 4154 exsilii
613 4114 677 4162 nota,
694 4106 734 4155 rel
748 4105 809 4155 inter
858 4105 1003 4152 ulnoictom
1012 4101 1080 4151 dicit.
1114 4102 1202 4150 Bura.

308 4178 409 4243 Scythas
419 4177 666 4244 nihilcompouerdo.
891 4178 932 4227 56.
959 4176 1081 4241 Metaris]
1109 4176 1231 4226 Malorum
1257 4175 1361 4243 copiam,

341 4254 382 4302 52.
399 4253 473 4302 Posuit
488 4252 556 4319 regi]
575 4252 653 4303 Possit
668 4253 741 4302 celari
754 4268 809 4319 pm
858 4250 983 4300 materiam
993 4249 1108 4316 appellat.

308 4325 369 4383 hec,
390 4342 443 4390 que
468 4341 561 4375 mecum
583 4326 702 4374 morietur.
735 4326 807 4375 Mra.
889 4325 931 4375 57.
949 4323 997 4371 Pro
1012 4326 1071 4372 duce
1088 4322 1201 4384 Neritia]
1236 4320 1284 4369 Pro
1299 4317 1362 4372 duee

240 4418 243 4423 ·
308 4396 516 4464 Velvelimpom
529 4399 640 4464 ignorari,
651 4414 690 4448 rue
704 4407 807 4449 taceme.
858 4398 955 4463 Ulyrre.
998 4397 1145 4446 fatentem
1170 4395 1268 4443 Neritus
1293 4408 1362 4443 mom

308 4472 372 4530 Quo
387 4471 430 4520 illa
444 4472 539 4531 loefint,
555 4472 658 4522 liberum
678 4481 715 4522 ost
731 4473 809 4523 cuivis
857 4470 983 4523 lroudorru
997 4469 1024 4520 in
1037 4468 1117 4519 imula
1129 4467 1224 4523 Ithaca,
1237 4480 1311 4531 quam
1325 4474 1361 4517 tc·

307 4545 534 4597 noeuumdirimre.
566 4546 645 4596 Porr.
857 4546 1030 4611 uaitUlyraer.
1098 4580 1101 4583 -

340 4621 382 4670 53.
398 4620 424 4669 δι’
436 4638 476 4671 m
490 4621 632 4688 infragilis]
651 4618 749 4671 Homeri
762 4619 806 4669 illa
